1702 3190
1694 146 1702 163 ἕ

232 179 317 220 270
527 185 777 216 unimanus.v
832 185 1070 217 umorum-r.
1124 188 1402 222 acroenum.
1694 214 1702 238 ξ

232 287 312 328 λον
340 284 385 326 δὲ
414 280 725 337 λέγειῘΛυσίας
751 283 827 325 καὶ
852 280 1106 340 Εὐριπίδης.
1162 283 1394 343 ’Υπερίὸης
1422 287 1467 330 δὲ
1495 288 1570 331 καὶ
1597 248 1702 332 Εὐ·-ᾗ

234 360 405 413 κλείδης
434 357 679 415 ὁμόδουλον
706 360 920 416 λέγουσιν.
978 364 1039 404 Ita
1066 365 1174 405 enim
1203 379 1229 405 e
1256 367 1333 408 MS
1361 369 1591 422 legendum.
1700 407 1702 424 Ξ

347 441 664 484 MENANDER
691 442 741 480 ab
771 453 852 481 uno
868 442 994 482 Suida
1022 448 1383 485 commemoratur:
1407 444 1684 499 Me'vavffpog,

234 516 516 569 Ἀθηναῖος,
565 515 749 570 κωμικὸς
788 513 977 572 ἀρχαῖος.
1054 521 1136 560 Sed
1175 520 1284 559 hunc
1320 534 1396 573 ego
1434 536 1516 564 non
1553 526 1684 565 minus

238 612 360 654 quam
390 595 830 646 PHILISTIONEM‚
861 611 939 650 quo
970 599 1022 637 de
1050 600 1092 638 in
1122 598 1300 638 Praefat.
1331 599 1381 638 ad
1410 601 1684 642 Menandrum

235 692 276 732 p.
308 677 407 719 VIII
437 676 595 715 dictum
623 677 706 724 est,
742 675 1008 716 vehementer
1036 689 1182 716 vereor
1210 689 1262 716 ne
1290 676 1410 717 unice
1439 678 1588 719 Suidae
1617 691 1684 718 er·-

234 755 321 795 rori
351 754 586 792 debeamus.

345 827 659 871 XENOPHON
690 831 733 867 et
761 830 1121 870 ARCESILAUS.
1153 830 1356 882 Diogenes
1380 831 1514 872 Laert.
1545 832 1584 871 II
1612 830 1682 882 59,

233 909 305 950 ubi
343 909 395 949 de
429 908 550 949 variis
580 906 921 958 Xenophontibus
958 908 1061 958 agit:
1101 905 1292 958 πέμπτος
1328 903 1520 961 μυθώδη
1558 901 1702 964 τερα-ξ

231 983 356 1026 „iay
411 981 868 1037 πεπραγματευμένος,
917 981 1036 1030 ἕκτος
1089 979 1261 1038 Πάριος
1315 979 1682 1039 ἀγαλματοποιός,

234 1059 419 1114 ἕβδομος
447 1058 674 1116 κωμῳδίας
702 1057 883 1114 ἀρχαίας
919 1057 1112 1110 ποιητής.
1174 1063 1323 1103 Eidem
1358 1064 1546 1116 scriptori
1585 1065 1682 1106 AR-

234 1140 452 1180 CESILAI
483 1140 720 1179 memoriam
751 1140 946 1179 debemus
988 1140 1058 1180 lib.
1096 1140 1154 1181 IV
1186 1139 1241 1179 45
1281 1135 1484 1193 γεγόνασι
1521 1138 1567 1180 δὲ
1606 1140 1682 1181 καὶ

233 1212 359 1257 ἄλλοι
389 1218 499 1271 τρεῖς
530 1211 823 1270 Ἀρκεσίλαοι,
859 1214 1040 1266 ποιητὴς
1067 1211 1253 1270 ἀρχαίας
1280 1214 1521 1274 κωμῳδίας,
1551 1214 1680 1267 ἄλλος

231 1291 429 1347 ἐλεγείας,
460 1292 599 1349 ἕτερος
627 1290 995 1348 ἀγαλματοποιός.

342 1373 734 1423 AUTOCRATES,
764 1374 1048 1422 Atheniensis,
1077 1385 1197 1425 quem
1226 1373 1415 1425 antiquae
1444 1373 1680 1414 comoediae

230 1454 395 1503 poetam
424 1451 554 1491 fuisse
580 1453 700 1491 unius
730 1451 881 1491 Suidae
911 1454 1070 1491 constat
1097 1451 1355 1500 testimonio,
1385 1450 1454 1502 qui
1484 1463 1533 1490 ex
1560 1450 1679 1491 fabu-

230 1529 283 1569 Iis
313 1529 400 1569 eius
429 1541 550 1568 unam
580 1533 870 1568 commemorat
905 1523 1230 1581 Τυμπανιστάς.
1293 1528 1479 1568 Eandem
1506 1529 1557 1568 ad
1584 1541 1679 1581 par-

231 1610 295 1647 tes
331 1610 450 1647 vocat
493 1611 535 1646 et
569 1607 879 1659 perelegantem
916 1620 966 1647 ex
1004 1620 1052 1647 ea
1091 1607 1273 1660 eclogam
1310 1607 1484 1646 servavit
1520 1606 1678 1648 Aelian.

230 1684 288 1725 H.
318 1686 368 1726 A.
397 1684 478 1725 XII
508 1685 548 1724 9.
588 1685 809 1725 Praeterea
828 1687 1070 1727 Autocrates
1098 1685 1227 1725 semel
1255 1683 1444 1724 laudatur
1470 1684 1511 1724 in
1540 1685 1678 1726 Lexic.

230 1762 444 1815 Seguer.1
473 1775 515 1814 p.
528 1762 623 1812 336,
652 1764 723 1803 ubi
737 1765 805 1816 qui
821 1767 1003 1804 servatus
1018 1767 1081 1804 est
1099 1775 1254 1811 versus,
1281 1757 1412 1813 ἀμνοὶ
1441 1758 1487 1799 δὲ
1516 1742 1701 1814 βληχώ-ξ

229 1837 376 1889 ζουσιν
410 1835 483 1879 ὑπ’
510 1834 798 1892 ἆγαλακτίας,
835 1845 1005 1895 propter
1041 1840 1340 1892 correptionem
1369 1839 1549 1890 syllabae
1584 1837 1699 1880 ante

230 1915 524 1971 βληχάζουσιν
553 1920 798 1961 documento
827 1924 891 1960 est
920 1922 1203 1967 Autocratem‚
1238 1917 1273 1957 si
1300 1920 1436 1956 tamen
1463 1919 1577 1956 recte
1605 1928 1697 1957 aii-²

229 1997 367 2048 tiquae
398 1999 635 2039 comoediae
663 2000 797 2051 poetis
827 1999 1082 2047 adscribitur,
1112 1999 1225 2036 certe
1254 1995 1481 2035 novissimis
1511 1994 1695 2053 demum,

227 2073 351 2114 huius
396 2077 541 2116 aetatis
589 2079 842 2129 temporibus
881 2077 1040 2116 tabulas
1091 2074 1291 2114 docuisse.
1363 2072 1483 2124 Quod
1529 2068 1699 2125 Suidas}

229 2164 406 2204 eumque
437 2158 608 2206 sequuta
636 2156 793 2196 Eudoc.
822 2169 863 2207 p.
882 2156 934 2194 69
965 2153 1117 2202 scribit,
1146 2153 1408 2192 Autocratem
1438 2150 1560 2189 etiam
1589 2132 1701 2199 tra-{v

227 2231 468 2284 goediarum
507 2237 718 2275 auctorem
756 2232 886 2275 fuisse
920 2231 1240 2280 feracissimam,
1272 2232 1320 2270 ut
1357 2240 1499 2269 errore
1534 2230 1701 2295 natumjf}¹

227 2310 604 2364 praetermittimus.
