1702 3190
615 167 959 214 PRAEFATIO.
1459 169 1463 172 “
1474 164 1534 208 x!

0 315 2 342 ÷
55 285 178 337 Item
203 281 458 335 Crantoris
482 286 532 347 ἐξ)
567 282 694 351 apud
726 282 930 335 eundem
964 278 1142 331 XCVI
1179 279 1268 330 13:
1314 314 1319 327 ,

232 365 321 410 Οὐκ
349 366 446 411 ἔστι
475 366 630 418 πενίας
658 363 788 410 οὐδὲν
816 359 1095 420 ἀθλιώτερον

226 441 280 485 ἐν
309 441 370 501 τῷ
398 440 482 501 βίῳ
511 438 787 498 σύμπτωμα·
816 439 895 482 καὶ
922 435 1006 493 γὰρ
1034 432 1091 479 ἂν
1119 435 1259 493 φύσιν

230 516 473 567 σπουδαῖος
500 507 565 575 ᾗς,
594 516 727 567 πένης
755 513 817 569 δέ,
846 511 1095 567 καταγέλως
1124 507 1218 569 ἔσῃ.

58 589 132 643 Et
162 590 376 643 eiusdem
408 590 608 641 XCVII
643 589 701 638 6:

237 673 300 717 Τὸ
329 672 414 730 γὰρ
441 668 662 730 διάφορον
688 671 767 715 καὶ
794 668 1039 729 φρονίμους
1069 665 1243 721 πάντας
1271 668 1403 723 ποιεῖ,

234 747 285 790 τὸ
314 747 559 805 σωφρονεῖν
589 744 639 789 δ’
671 743 843 789 ἔνεστιν
868 747 916 790 ἐν
944 742 1086 804 τούτῳ
1112 741 1246 803 μόνῳ.

62 821 250 878 Eadem
286 821 550 889 Chrysippi
579 822 668 872 fuit
701 823 1016 889 consuetudo,
1048 836 1322 887 quamquam
1355 819 1400 870 is
1434 817 1541 884 qui-

67 908 175 958 dem
211 908 394 958 alienos
427 907 585 974 potius
613 907 907 973 maximeque
932 906 1227 974 Euripideos
1260 922 1397 971 quam
1424 919 1544 954 suos

66 993 223 1061 ipsius
256 1009 434 1043 versus
466 992 666 1043 orationi
708 992 924 1043 inseruit.
991 992 1057 1042 V.
1091 991 1344 1057 Diogenes
1377 989 1545 1040 Laert.

67 1079 169 1140 VII
212 1078 331 1129 1⁰8.
405 1076 580 1143 Neque
615 1078 672 1128 ,ἰιι
716 1077 912 1144 seriptis
956 1083 1136 1128 tautum
1180 1075 1271 1136 sed
1313 1057 1455 1128 etiam
1496 1074 1546 1124 in

70 1162 255 1215 scholis
291 1163 416 1214 hanc
448 1164 678 1214 rationem
720 1168 975 1213 tenuerunt
1015 1161 1300 1230 philosophi.
1369 1159 1547 1214 Cicero

66 1246 222 1300 Tuse.
254 1246 420 1297 1111.
470 1247 682 1298 Fuisti
715 1263 901 1315 saepe
934 1247 1148 1310 crede,
1182 1262 1310 1297 cum
1344 1247 1547 1296 Athe-

65 1333 162 1384 nis
212 1349 424 1395 esses,
490 1331 547 1382 in
599 1332 840 1383 scholis
891 1331 1404 1400 philosophorum.
1481 1331 1548 1380 A.

67 1412 256 1491 Ver0,
311 1433 379 1467 ac
417 1415 689 1483 libenter
723 1417 969 1484 quidem.
1038 1417 1106 1467 Μ.
1139 1416 1548 1468 Animadver-

70 1505 246 1554 tebas
287 1502 509 1569 igitur,
555 1501 679 1552 etsi
713 1507 829 1552 tum
862 1519 1035 1554 nemo
1069 1509 1200 1554 erat
1244 1501 1550 1553 admodum

73 1588 390 1656 copiosuS‚
432 1603 641 1637 verum
682 1591 881 1638 tamen
921 1604 1151 1640 versus
1194 1587 1261 1639 ab
1300 1587 1395 1637 his
1441 1586 1550 1636 ad-

71 1673 321 1723 misceri
365 1672 646 1723 orationi.
724 1673 792 1723 A.
839 1674 929 1724 Ae
971 1674 1194 1725 multos
1239 1672 1476 1739 quidem
1522 1689 1552 1722 a

71 1756 378 1823 Dionysio
423 1757 655 1808 Stoico·
736 1758 806 1807 M.
864 1758 1064 1808 Probe
1113 1758 1297 1822 dicis3
1338 1757 1454 1808 'sed
1499 1757 1552 1807 is

72 1841 246 1908 quasi
281 1840 538 1903 dietata,
580 1840 746 1891 nullo
777 1840 1051 1905 delectu,
1096 1843 1258 1892 nulla
1292 1843 1553 1908 elegan-

71 1925 182 1975 tia:
249 1924 436 1976 Philo
471 1930 686 1976 noster
729 1929 790 1975 et
822 1926 1128 1994 proprium
1165 1944 1459 1978 numerum
1496 1932 1555 1979 et

74 2010 245 2074 lecta
277 2015 552 2078 poemata
583 2013 643 2060 et
672 2010 810 2060 loco
845 2010 1233 2077 adiungebat.
1303 2012 1430 2063 Prae
1464 2029 1552 2062 ee-

72 2086 198 2145 ‘teris
241 2099 394 2145 autem
439 2093 706 2145 Cleanthes
758 2093 989 2143 eiusmodi
1035 2096 1250 2147 flosculis
1296 2086 1555 2150 orationem

79 2179 419 2245 distinguebat,
437 2196 573 2245 quem
592 2179 779 2245 quidem
801 2179 941 2229 etiam
959 2179 1248 2232 hexametris
1271 2200 1374 2232 eam
1394 2184 1556 2237 iurem

80 2281 221 2315 usum
253 2264 409 2315 fuisse
443 2264 723 2330 intelligitur
757 2280 821 2314 ex
858 2262 1107 2323 Clemente
1141 2266 1291 2316 Alex.
1312 2267 1489 2322 Strom.
1504 2269 1557 2319 V

81 2366 129 2416 p.
145 2349 244 2397 237
279 2347 421 2414 Sylb.
456 2353 532 2395 καὶ
570 2351 596 2405 ἡ
627 2350 896 2403 Κλεάνθους
938 2352 983 2394 δὲ
1021 2354 1101 2397 τοῦ
1128 2354 1330 2399 Στωικοῦ
1366 2354 1559 2415 φιλοσό-

82 2447 174 2490 (pov
203 2428 404 2484 ποιητικὴ
434 2423 521 2472 ωδέ
551 2445 643 2481 πως
671 2430 726 2472 τὰ
756 2425 891 2473 ὁιιοια
919 2428 1102 2491 ypciqu·

78 2519 83 2523 ·
138 2502 264 2556 Μὴ
251 2502 361 2561 πρὸς
392 2502 530 2557 δόξαν
558 2498 642 2562 ὁόα
670 2504 844 2547 ἐθέλων
876 2504 1017 2563 σοφὸς
1047 2498 1167 2562 αἶψα
1197 2506 1429 2564 γειὲσθαι,

79 2603 86 2607 -
138 2578 251 2636 μηδὲ
280 2577 429 2635 φοβοῦ
458 2578 632 2621 πολλῶν
660 2575 839 2638 ἄκριτον
866 2581 943 2623 καὶ
971 2577 1160 2625 ἀναιδέα
1191 2578 1350 2635 δόξαν·

140 2758 180 2808 1·)
214 2757 275 2799 Ita
304 2763 420 2801 reete
448 2759 631 2802 Grotius.
675 2761 888 2804 Gesnerus
918 2765 962 2803 et
990 2759 1252 2804 Gaisforffius
1282 2755 1561 2816 Κράντωνος.
