1702 3190
203 182 260 223 28
808 182 1041 210 culon-mm.

204 286 402 335 floruerit,
433 282 645 325 Chionidis
675 284 851 322 aetatem
879 280 944 321 vix
973 282 1067 319 ante
1096 278 1257 331 olymp.
1283 276 1432 318 LXXX
1463 275 1654 316 collocari

203 378 326 420 posse
364 361 608 402 crediderim
643 361 726 411 ¹⁴).
791 357 910 409 Quod
946 369 1087 396 verum
1127 369 1217 396 esse
1259 355 1379 395 etiam
1417 355 1496 394 alio
1534 366 1653 405 argu-

203 444 342 484 mento
380 437 634 490 intelligitur.
700 437 804 477 Nam
834 447 925 474 cum
955 433 1178 473 Chionides
1207 434 1248 472 in
1278 433 1506 485 fragmento
1536 431 1653 471 fabu-

202 518 269 559 lae
295 514 474 569 ΙΙτωχοὶ
500 514 720 564 inscriptae
750 511 857 563 apud
886 511 1037 551 Athen.
1052 511 1149 550 XIV
1178 522 1218 561 p.
1250 510 1330 548 638
1341 524 1376 549 a.
1402 510 1654 560 Gnesippum

202 594 406 636 ludicrum
434 594 598 644 poetam
634 592 946 637 commemoret,
981 588 1015 627 is
1047 601 1143 626 vero
1175 587 1329 626 Cratini
1357 587 1535 637 aequalis
1563 585 1655 625 fue-

202 671 270 720 rit,
300 668 542 710 Chionidem
573 665 727 706 Cratini
757 668 931 704 aetatem
961 666 1144 717 attigisse
1170 667 1355 715 apertum
1391 666 1476 703 est:
1514 675 1654 715 quam-

205 760 326 800 quam
363 759 443 785 non
483 743 816 782 dissimulandum
863 745 947 792 est,
995 746 1102 781 teste
1139 741 1351 782 Athenaeo
1390 741 1418 780 l.
1455 741 1483 781 l.
1520 745 1561 780 et
1597 741 1655 782 1V

203 837 246 877 p.
276 824 358 863 137
371 835 408 870 e,
444 821 574 860 fuisse
601 820 710 858 inter
738 822 898 859 veteres
926 818 1110 867 criticos,
1142 820 1210 869 qui
1238 819 1367 870 ipsam
1395 819 1508 857 illam
1536 818 1654 858 fabu-

202 900 298 948 lam,
326 900 369 937 in
400 911 479 949 qua
493 896 722 947 Gnesippus
752 899 1103 943 commemoratur,
1132 896 1173 935 in
1204 896 1350 947 spuriis
1380 899 1655 936 numerarent.

204 976 289 1018 Sed
318 975 370 1014 de
398 975 479 1014 hoc
508 977 714 1023 utcunque
742 972 907 1020 statuis,
943 974 1045 1013 illud
1075 974 1239 1019 dubium
1270 986 1362 1012 esse
1396 985 1477 1011 non
1506 975 1656 1024 potest,

203 1053 468 1095 Aristotelem
501 1051 558 1089 ita
595 1062 914 1088 commemorare
958 1051 1227 1098 Chionidem‚
1266 1053 1312 1088 ut
1346 1061 1438 1099 eum
1476 1050 1657 1088 omnium

203 1126 275 1183 qui
314 1130 422 1182 apud
451 1129 608 1169 Atticos
652 1127 831 1164 floruere
868 1126 1115 1164 comicorum
1156 1130 1287 1165 aetate
1316 1126 1491 1177 primum
1528 1125 1658 1166 fuisse

204 1207 422 1254 censuerit,
458 1217 539 1244 non
572 1203 690 1242 aliam
726 1206 825 1256 puto
856 1203 906 1241 ob
938 1215 1142 1251 caussam,
1183 1216 1302 1256 quam
1332 1204 1441 1255 quod
1478 1204 1656 1243 omnium

204 1283 506 1335 antiquissimus
547 1281 628 1321 fuit
678 1293 850 1331 quorum
881 1282 923 1318 et
951 1280 1127 1331 scriptae
1158 1284 1199 1319 et
1229 1281 1487 1320 artificiosius
1518 1281 1656 1320 excul-

203 1365 273 1401 tae
309 1360 478 1400 fuerunt
517 1358 778 1405 comoediae,
821 1357 864 1395 id
903 1358 1013 1408 quod
1049 1359 1170 1397 etiam
1206 1359 1298 1397 illos
1328 1358 1557 1410 significare
1585 1371 1658 1399 vo-

201 1438 329 1479 luisse
365 1441 464 1489 puto
511 1437 580 1488 qui
617 1447 710 1475 eum
740 1431 1106 1486 πρωταγωνιστὴν
1134 1432 1208 1483 τῆς
1237 1430 1420 1488 ἀρχαίας
1447 1449 1657 1489 nuncupa..

201 1519 296 1556 rent
320 1515 401 1566 ¹⁵).
466 1514 646 1555 Fabulae
684 1513 772 1552 eius
810 1512 860 1552 ab
890 1513 1016 1553 Suida
1053 1518 1095 1554 et
1123 1513 1307 1554 Eudocia
1336 1526 1654 1555 commemoran-

238 1690 309 1743 Ν)
339 1689 574 1731 Aristotelis
604 1691 880 1729 testimonium
917 1691 987 1742 qui
1023 1695 1199 1732 «contra
1227 1704 1294 1731 me
1319 1691 1493 1730 facere»
1532 1689 1657 1730 edixit

315 1747 390 1786 sed
428 1758 510 1784 non
551 1745 689 1784 docuit
726 1746 942 1797 Grysarius
981 1747 1032 1786 de
1071 1748 1292 1787 Comoedia
1320 1747 1467 1786 Dorica
1503 1759 1544 1797 p.
1575 1747 1656 1786 152

315 1801 554 1852 Epicharmi
583 1801 753 1851 primam
782 1802 960 1841 fabulam
989 1804 1104 1854 ponit
1123 1803 1442 1855 Olymp.LXX1,
1461 1802 1501 1848 3,
1533 1803 1658 1841 Chio-

313 1857 420 1896 nidis
449 1860 586 1894 autem
615 1856 781 1903 LXXII,
811 1858 851 1896 4.
910 1859 1026 1897 Haec
1057 1859 1090 1896 si
1122 1871 1216 1897 vera
1245 1862 1358 1905 sunt,
1387 1857 1657 1908 Epicharmus

314 1925 396 1952 non
427 1908 583 1964 ἃτολλῷ,
613 1912 687 1950 sed
715 1907 844 1966 ὀλίγῳ
875 1917 968 1952 ante
983 1914 1225 1953 Chionidem
1244 1913 1401 1951 fabulas
1427 1912 1657 1952 exhibuisse

315 1967 511 2006 dicendus
542 1971 642 2006 erat.
715 1969 816 2006 Eam
847 1969 898 2007 ob
930 1982 1090 2009 causam
1122 1982 1197 2020 ego
1225 1968 1490 2007 reiiciendum
1518 1968 1657 2018 putavi

314 2023 465 2062 Suidae
496 2023 786 2071 testimonium,
810 2025 882 2070 ,cui
912 2025 1149 2063 adversatur
1179 2026 1300 2063 etiam
1329 2024 1371 2063 id
1402 2023 1510 2074 quod
1534 2024 1656 2063 Chio-

315 2078 477 2123 nidem,
515 2079 583 2128 qui
621 2079 775 2129 primus
813 2093 933 2119 verae
975 2081 1209 2119 comoediae
1238 2082 1379 2118 auctor
1407 2079 1658 2129 significatur

317 2135 367 2173 ab
398 2133 644 2181 Aristotele,
676 2135 943 2185 antiquiorem
973 2136 1069 2174 facit
1099 2137 1228 2187 Myllo
1260 2139 1302 2173 et
1329 2136 1464 2174 Euete
1501 2138 1543 2172 et
1570 2135 1657 2173 Eu-

314 2188 475 2236 xenide,
506 2201 678 2239 quorum
708 2203 784 2229 nec
813 2192 988 2242 scriptae
1010 2191 1190 2231 extitisse
1214 2191 1404 2229 videntur
1421 2190 1657 2229 comoediae

317 2257 395 2284 nec
427 2244 476 2283 ab
505 2244 659 2284 inculta
687 2246 916 2285 Susarionis
944 2248 1104 2286 ratione
1133 2247 1303 2286 multum
1332 2250 1527 2284 remotae.
1595 2245 1657 2283 De

317 2312 366 2338 eo
398 2303 534 2339 autem
565 2313 655 2339 cum
686 2303 847 2341 nemine
876 2302 1058 2354 litigabo,
1088 2307 1224 2341 utrum
1246 2300 1481 2349 Chionides,
1513 2300 1547 2339 si
1560 2312 1658 2339 vere

317 2355 588 2406 Epicharmus
606 2357 765 2409 Olymp.
780 2358 912 2397 LXXI
927 2359 1097 2409 primam
1123 2357 1302 2395 fabulam
1320 2357 1468 2404 docuit,
1494 2356 1656 2406 Olymp.

318 2410 489 2451 LXXVI
518 2425 569 2450 an
599 2412 752 2463 aliquot
781 2414 895 2452 annis
925 2415 1037 2466 prius
1069 2413 1227 2452 fabulas
1265 2412 1414 2451 docere
1442 2412 1655 2462 inceperit.

219 2472 222 2475 '
245 2464 315 2516 ¹⁵)
346 2465 439 2504 Non
469 2468 620 2517 optima
648 2469 732 2507 fide
760 2481 919 2508 mecum
949 2470 1032 2520 egit
1051 2469 1265 2520 Grysarius
1294 2468 1321 2506 1.
1337 2468 1364 2505 Ι.
1387 2479 1427 2516 p.
1444 2466 1524 2504 154
1552 2466 1656 2504 haec

317 2521 500 2560 scribens
546 2524 747 2575 «Neque,
793 2526 902 2577 quod
945 2526 1188 2565 Chionidem
1224 2522 1398 2574 primum
1442 2526 1655 2572 poetarum

318 2576 602 2616 «comicorum
643 2592 719 2630 ego
756 2582 896 2631 posui,
935 2594 985 2620 eo
1022 2580 1244 2625 refutatur,
1285 2577 1394 2628 quod
1422 2576 1653 2615 Meinekius

320 2633 593 2683 <provocavit
639 2636 690 2673 ad
734 2634 913 2675 fabulam
959 2635 1169 2675 Chionidis
1215 2646 1298 2672 non
1345 2631 1563 2683 genuinam
1609 2628 1654 2668 οἱ

319 2683 546 2738 (Πῖωχοί,
575 2700 654 2740 qua
677 2689 907 2743 Gnesippus
923 2691 1078 2731 Cratini
1108 2689 1286 2741 aequalis
1316 2689 1652 2726 commemoratus
