1702 3190
8 0 70 66 φτ

667 138 844 168 caucum
850 99 903 169 ε..
1188 160 1192 164 .
1423 124 1509 167 515

29 244 114 288 duo
138 242 378 286 choreutae.
412 240 687 282 Pherecrates
715 242 854 281 autem
884 237 1072 280 disertim
1101 241 1300 292 qunttuor
1327 250 1509 282 comme-

29 326 186 374 morat,
223 321 300 364 sed
343 321 400 361 ita
432 322 751 370 commemorat,
787 322 836 360 ut
865 317 1040 358 aliorum
1070 319 1141 371 qui
1171 319 1400 361 ternarium
1428 332 1511 362 nu-

30 416 189 447 merum
230 402 456 455 probarent
492 400 739 441 seutentiam
774 397 974 438 refellere
1010 398 1214 440 videatur.
1281 399 1342 438 tta
1397 399 1509 440 euim

1 470 122 525 'tere
153 481 510 534 corruptissimum
549 479 852 531 fragmentum,
888 476 930 516 in
960 489 1043 529 quo
1072 478 1153 519 alia
1191 482 1352 519 temere
1383 491 1507 531 repe-

27 561 102 602 tita
132 561 214 601 alia
243 571 338 600 cum
377 558 624 599 scholiastae
651 558 789 600 verbis
826 554 1002 597 confusa
1042 562 1161 609 sunt,
1199 556 1508 599 emendandum

29 639 221 681 videturz

0 716 6 774 ξ
83 715 196 772 τρεῖς
221 727 333 763 τινες
357 712 506 769 μικροὶ
531 711 722 768 κομῆται
749 713 827 755 καὶ
854 712 1108 770 φιλαρχικοὶ
1135 708 1249 764 τότε,

1 775 3 781 ¹
81 792 235 842 παῖδες
262 789 404 842 ὄντες·
436 790 517 834 νῦν
545 791 593 833 δέ
622 788 664 846 y'
697 787 785 834 εἰσὶ
812 793 890 835 καὶ
919 788 1295 850 φιλαρχικώτεροι.

79 871 137 915 Β.
167 867 280 912 ἀλλὰ
306 869 371 927 μὰ
398 867 468 913 Δί’
501 867 554 914 οὐ
583 873 696 928 τρεῖς
723 870 878 915 ἐκεῖνοί
906 869 950 928 y'
984 866 1100 914 εἰσὶν
1129 868 1243 912 ἀλλὰ
1269 870 1485 928 τέτταρες.

27 953 206 1003 Cetera,
235 967 343 1006 quae
380 954 497 994 uncis
526 954 695 1005 inclusi,
735 968 819 996 non
858 953 1123 995 Pherecratis
1152 954 1228 994 sed
1256 953 1505 995 scholiastae

27 1032 156 1074 verba
193 1046 285 1074 esse
322 1033 522 1086 suspicor.
588 1034 794 1076 Videntur
833 1037 970 1075 autem
1025 1047 1075 1073 ea
1111 1036 1208 1073 ante
1245 1030 1383 1082 δῆλον
1422 1036 1504 1075 etc.

27 1112 219 1167 ponenda
247 1117 290 1154 et
317 1113 360 1154 in
388 1112 500 1153 hunc
528 1107 622 1153 fere
650 1113 819 1154 modum
847 1112 1081 1167 supplenda
1111 1125 1225 1152 esse:
1269 1110 1346 1151 καὶ
1374 1110 1506 1166 Καρ-

26 1186 147 1239 κίνος
171 1191 253 1245 μὲν
282 1187 526 1247 τραγῳδίας
559 1189 745 1242 ποιητὴς
773 1181 842 1242 ἦν,
876 1188 1104 1246 Θωρυκίου
1143 1187 1261 1239 υἱός·
1303 1180 1421 1242 ἦσαν
1457 1189 1506 1232 δὲ

26 1266 147 1328 αὐτῷ
185 1269 339 1319 παῖδες
375 1269 587 1326 τέτταρες.
646 1273 847 1326 Thorycii
886 1286 1037 1314 nomen
1077 1272 1244 1311 aliunde
1281 1272 1384 1312 mihi
1414 1271 1506 1324 qui-

26 1350 122 1392 dem
149 1364 232 1392 non
261 1352 470 1404 cognitum
502 1355 589 1392 est:
631 1355 674 1392 at
701 1352 1010 1404 Thorycionem
1038 1351 1240 1391 habemus
1270 1352 1382 1404 apud
1411 1351 1505 1392 Ari-

25 1431 268 1484 stophanem
317 1436 360 1471 et
400 1430 680 1471 Heniochum.
745 1432 797 1474 V.
838 1444 963 1485 supra
1003 1445 1044 1484 p.
1074 1431 1172 1470 422.
1239 1431 1319 1483 Qui
1365 1436 1504 1472 autem

26 1509 183 1550 factum
207 1510 261 1549 sit
290 1514 336 1549 ut
364 1522 418 1549 ne
449 1509 710 1550 Pherecratis
740 1510 908 1563 quidem
940 1514 1075 1550 aetate
1106 1510 1158 1549 de
1189 1522 1362 1550 numero
1395 1511 1504 1550 filio-

27 1601 121 1629 rum
137 1589 299 1629 carcini
321 1594 540 1639 constaret,
570 1590 659 1630 eius
687 1591 751 1630 rei
767 1590 900 1630 varias
930 1602 1073 1630 causas
1104 1589 1360 1629 comminisci
1387 1590 1503 1630 licet.

28 1667 95 1709 Ad
138 1668 302 1708 nomina
336 1668 516 1708 filiorum
553 1672 600 1707 ut
628 1669 865 1719 veniamus,
905 1670 948 1710 in
979 1669 1169 1709 Philocle
1209 1673 1251 1707 et
1282 1667 1503 1708 Xenotimo

30 1747 291 1788 consentiunt
326 1759 484 1788 omnes.
540 1747 654 1787 Datis
694 1753 859 1798 autem,
899 1761 1023 1800 quem
1064 1753 1106 1787 et
1134 1749 1270 1800 ipsum
1300 1747 1504 1800 tragicum

28 1825 160 1866 fuisse
197 1826 438 1878 perhibent,
491 1839 616 1878 quum
668 1828 797 1867 ceteri
836 1840 964 1868 unum
1000 1827 1230 1867 Xenoclem
1278 1826 1503 1878 tragoediis

29 1905 256 1945 scribendis
295 1918 463 1959 operam
501 1905 668 1946 dedisse
709 1907 942 1956 affirment,
980 1905 1160 1945 fortasse
1204 1918 1287 1945 non
1319 1905 1504 1945 diversus

26 1983 106 2024 fuit
133 1998 158 2024 a
186 1983 394 2035 Xenocle,
431 1986 498 2026 cui
534 1984 577 2024 id
615 1997 767 2027 nomen
811 1986 1024 2040 opprobrii
1063 1997 1186 2024 causa
1214 1984 1365 2023 iccirco
1395 1983 1505 2023 indi-

27 2066 116 2104 tum
151 2063 282 2104 videri
321 2067 480 2116 potest,
529 2064 640 2117 quod
681 2065 770 2105 eius
807 2066 925 2118 poesi
960 2065 1073 2104 haud
1113 2064 1288 2104 obscura
1330 2062 1504 2102 Datismi

0 2194 1 2199 1
30 2141 193 2191 (Schol.
223 2142 435 2194 Aristoph.
468 2122 691 2194 Pacs29o)
723 2144 895 2195 vestigia
923 2145 1127 2196 impressa
1156 2142 1327 2182 fuerint.
1387 2144 1505 2194 Quae

0 2204 70 2282 lsi
106 2233 203 2259 vera
242 2217 306 2259 est
342 2220 600 2270 coniectura,
654 2220 817 2261 nonnisi
850 2221 903 2260 de
942 2222 1066 2261 tertio
1106 2225 1336 2273 quartoque
1373 2223 1504 2261 restat

0 2283 7 2352 l
35 2297 260 2347 dubitatio,
298 2299 414 2339 cuius
453 2312 604 2339 nomen
634 2299 743 2339 inter
770 2294 1025 2352 Δημότιμος
1054 2292 1270 2354 Ξέναρχος
1300 2302 1343 2338 et
1371 2291 1504 2340 Ξενό-

0 2386 7 2421 ι
34 2373 199 2424 κλειτος
236 2378 438 2418 fluctuare
466 2379 670 2428 vidimus,
707 2379 750 2418 in
780 2391 861 2431 quo
892 2379 1081 2419 dissensu
1119 2378 1406 2431 componendo
1435 2379 1503 2420 vix

37 2468 190 2508 operte
227 2457 406 2510 pretium
442 2457 570 2498 fuerit
612 2458 765 2498 diutius
802 2458 1005 2498 laborare.
1072 2457 1317 2497 Obscuravit
1363 2462 1503 2498 autem

0 2519 5 2577 ξ
39 2538 271 2575 ceterorum
301 2537 540 2577 memoriam
571 2536 802 2586 Philocles,
839 2541 964 2590 poeta
991 2536 1308 2589 haudquaquam
1338 2536 1503 2590 ignobi·

0 2597 7 2672 ἰ
36 2612 103 2662 lis,
133 2615 315 2666 quamvis
340 2629 365 2656 a
394 2617 560 2657 comicis
589 2617 726 2670 poetis
756 2616 956 2656 acerrime
985 2620 1166 2655 vexatus.
1225 2616 1309 2655 Sed
1339 2616 1394 2654 de
1423 2615 1503 2654 hoc

37 2690 119 2731 ulio
146 2692 242 2732 loco
270 2692 418 2734 diesin.
446 2697 580 2748 Quum
611 2700 750 2737 autem
780 2696 863 2737 duo
885 2695 1008 2736 huius
1035 2694 1212 2736 nominis
1243 2697 1389 2746 poetas
1419 2697 1500 2732 tra-

1130 2773 1234 2810 33·
