1702 3190
209 134 266 174 88
787 143 1051 172 rnnncmnes.

321 246 450 294 Quam
482 236 744 294 Ἀψευδεῑ
750 255 770 288 ς
807 242 1013 297 inscripsit
1041 242 1242 294 fabulam,
1277 244 1327 282 ab
1357 255 1437 283 uno
1466 243 1654 283 laudatur

213 322 378 362 Polluce
408 320 444 360 X
473 320 540 369 68,
576 321 645 359 ubi
681 320 788 359 varia
818 319 1048 359 osculorum
1078 332 1228 371 genera
1270 320 1311 360 in
1343 333 1390 359 ea
1419 324 1655 359 enumerata

211 399 346 446 tradit,
385 401 425 437 et
462 397 557 438 ibid.
596 398 664 438 98.
738 398 921 447 Utroque
956 397 1048 455 loco
1084 386 1297 447 legebatur
1334 397 1430 435 olim
1474 393 1658 435 Ψευδέσι

212 489 286 529 pro
318 489 366 514 eo
398 474 505 526 quod
544 488 567 513 e
598 475 715 513 codd.
744 474 899 525 primus
929 473 1223 513 commendavit
1252 473 1459 523 Kuhnius,
1489 468 1660 527 'Atpev-
1684 477 1689 483 “

217 550 321 592 dim.
383 553 446 592 Ad
477 552 647 590 eandem
677 552 870 599 fabulam,
898 556 1069 603 propter
1098 551 1277 590 Pollucis
1305 551 1439 591 locum
1468 554 1660 604 priorem,

215 631 433 670 referenda
462 631 564 670 haec
587 629 807 682 Hesychii;
837 625 1042 681 Δρεπτόν,
1070 618 1183 676 εἶδος
1211 624 1467 683 φιλήματος,
1492 623 1550 676 ὠς
1571 629 1662 679 Τη-

216 704 444 754 humidus.

328 785 521 837 Sequitur
557 777 634 822 ‘H
639 777 693 823 σι’
703 780 843 833 οδοι,
881 784 1013 824 minus
1041 788 1155 824 recte
1179 779 1383 832 Ἡσίοδος
1412 785 1518 824 dicta
1547 784 1664 824 Anti-

217 863 327 902 attic.
357 876 396 913 p.
427 863 478 900 91
509 861 549 902 4.
593 861 675 901 110
704 861 772 910 25,
829 861 981 900 Suidae
1010 875 1043 902 s.
1073 876 1110 903 V.
1140 858 1314 918 οὐδαμῇ
1343 866 1384 902 et
1413 862 1665 902 Scholiastae

218 939 268 979 ad
298 939 504 993 Aristoph.
527 938 737 986 Av.1126,
766 939 837 977 ubi
867 939 1137 978 Proxenidem
1166 940 1207 979 in
1238 953 1286 978 ea
1315 939 1545 990 sugillatum
1575 951 1666 977 esse

219 1016 424 1057 discimus.
507 1015 552 1057 ln
604 1015 747 1054 eadem
790 1017 969 1068 graviter
1007 1017 1161 1055 notavit
1201 1016 1447 1056 Androclem
1492 1019 1668 1055 testante

220 1095 443 1134 Scholiasta
480 1094 584 1134 Ven.
621 1093 672 1131 ad
710 1093 916 1143 Aristoph.
955 1093 1081 1144 Vesp.
1111 1093 1235 1140 1182,
1273 1093 1342 1131 ubi
1381 1092 1532 1131 codicis
1569 1093 1669 1132 scri-

222 1176 384 1223 pturam
422 1168 468 1208 ἑν
512 1162 617 1215 υπς’
638 1167 719 1212 δυσ
759 1169 988 1208 emendavit
1026 1171 1259 1209 Dindorfius
1290 1169 1495 1221 Aristoph.
1525 1168 1669 1221 fragm.

221 1262 262 1302 p.
299 1249 350 1296 V,
398 1253 439 1286 et
477 1248 728 1299 Nothippum
770 1251 931 1296 poetam
976 1247 1175 1298 tragicum
1220 1238 1436 1298 gulositate
1477 1246 1672 1286 infamem

223 1325 374 1366 Athen.
405 1316 502 1365 vm
532 1337 572 1375 p.
602 1323 683 1362 344
697 1323 735 1370 d,
767 1322 992 1362 Philoclem
1009 1324 1203 1377 Aeschyli
1232 1337 1281 1363 ex
1309 1337 1451 1363 sorore
1480 1329 1673 1376 nepotem

225 1402 364 1443 Schol.
394 1401 603 1453 Aristoph.
627 1401 796 1439 Thesm.
825 1400 920 1449 168,
949 1401 1124 1441 fortasse
1155 1401 1276 1440 etiam
1306 1401 1446 1440 Ionem
1475 1404 1674 1454 tragicum

227 1479 376 1520 Athen.
407 1479 505 1522 VIII
535 1493 575 1531 p.
604 1478 687 1520 344
704 1477 742 1516 d.
808 1479 1022 1528 Frequens
1049 1479 1172 1530 igitur
1199 1482 1411 1530 poetarum
1440 1479 1482 1518 in
1508 1479 1587 1518 hac
1613 1479 1676 1522 fa÷

228 1556 323 1595 bula
358 1557 510 1594 mentio
551 1555 660 1594 faeta
700 1558 799 1593 erat.
858 1556 966 1593 IIinc
1002 1556 1098 1594 satis
1134 1556 1355 1607 probabilis
1385 1556 1512 1596 videri
1541 1561 1678 1609 potest

232 1633 467 1674 coniectura
496 1632 697 1675 Dindorfii
727 1631 776 1670 ad
797 1632 1079 1683 Aristophanis
1106 1632 1253 1685 fragm.
1283 1646 1324 1685 p.
1354 1633 1424 1682 lv,
1454 1646 1504 1671 ex
1532 1634 1679 1674 eodem

233 1711 414 1750 dramate
445 1712 615 1762 petitum
645 1722 735 1748 esse
764 1709 899 1747 locum
929 1709 1149 1749 Teleclidis
1176 1711 1225 1749 ab
1255 1713 1422 1749 auctore
1449 1710 1568 1752 Vitae
1594 1711 1680 1751 Eu-

232 1787 374 1839 ripidis
402 1799 443 1839 p.
475 1788 556 1827 193
595 1787 739 1827 Elmsl.
776 1791 1001 1834 servatum,
1035 1787 1077 1825 in
1118 1799 1198 1838 quo
1228 1786 1445 1838 Euripides
1474 1801 1497 1827 a
1526 1788 1681 1827 Mnesi-

235 1864 355 1905 tocho
388 1870 428 1904 et
458 1866 629 1904 Socrate
664 1864 704 1903 in
740 1864 960 1915 tragoediis
988 1863 1185 1907 faciendis
1216 1865 1374 1902 adiutus
1401 1877 1492 1911 esse
1522 1864 1681 1905 dicitur.

237 1944 487 1994 Quamquam
519 1955 566 1980 ea
596 1955 675 1980 non
704 1942 759 1985 ita
790 1946 901 1980 certa
931 1946 992 1979 est
1022 1942 1254 1980 coniectura
1283 1947 1328 1980 ut
1358 1942 1441 1980 visa
1471 1946 1534 1980 est
1552 1943 1681 1985 Fritz.

237 2021 350 2060 achin
381 2023 546 2071 Quae-st.
576 2019 699 2061 Arist.
730 2017 747 2057 I
778 2031 818 2068 p.
837 2018 931 2064 152,
961 2030 1083 2068 quum
1115 2023 1254 2069 poetas
1279 2018 1533 2058 'I'eleclidem
1562 2021 1685 2059 etiam

240 2097 328 2136 aliis
372 2098 412 2135 in
451 2096 600 2135 fabulis
630 2107 968 2134 commemorasse
998 2095 1268 2134 certissimum
1304 2096 1368 2134 sit.
1436 2096 1529 2137 vid.
1557 2097 1686 2136 Athe-

242 2186 367 2216 naeus
396 2174 492 2214 XIV
530 2187 571 2227 p.
600 2174 722 2211 (3392
760 2175 802 2211 et
838 2171 1069 2223 Hesychius
1107 2185 1141 2211 s.
1170 2185 1207 2211 v,
1238 2168 1494 2225 δορυᾳόνον.
1560 2174 1687 2214 Deni—

243 2263 323 2302 que
351 2252 459 2289 haud
494 2252 656 2301 inepte,
693 2254 740 2288 ut
769 2249 866 2288 mihi
897 2249 1060 2300 quidem
1087 2250 1268 2298 videtur,
1309 2251 1360 2288 ad
1390 2251 1596 2291 Hesiodus
1621 2265 1689 2292 re·-

246 2328 358 2370 seras
386 2340 491 2379 quae
519 2328 628 2379 apud
658 2327 849 2367 Photium
880 2309 1072 2377 leguntur
1102 2327 1198 2367 Lex.
1229 2341 1267 2378 p.
1300 2327 1382 2367 565
1410 2329 1436 2368 7
1471 2325 1690 2377 Τηλεκλεί-

246 2402 325 2453 δης
354 2416 463 2443 τισι·
500 2402 596 2444 Τῶν
626 2401 824 2442 δυνατῶν
852 2415 894 2441 τι
922 2398 1080 2442 κέλευ’·-
1107 2397 1158 2441 οὗ
1186 2400 1270 2459 γὰρ
1297 2402 1415 2456 παρὰ
1427 2401 1689 2461 Κενταύροι-

248 2493 333 2527 σιν.
405 2483 485 2525 Ubi
515 2496 590 2535 pro
619 2493 721 2530 τισι,
754 2481 796 2520 h.
827 2493 865 2519 e.
896 2478 1026 2529 ΗΣΙ,
1055 2482 1311 2521 scribendum
1342 2482 1501 2521 videtur
1525 2477 1694 2527 fHauL·

250 2556 354 2607 δοις.
422 2560 593 2612 Praeter
622 2560 742 2599 allata
772 2559 862 2599 loca
890 2557 1018 2609 semel
1046 2559 1218 2599 Hesiodi
1246 2561 1691 2610 commemorantur&

252 2638 465 2686 Athenaeo
493 2636 551 2688 111
581 2650 624 2697 p.
651 2636 706 2677 87
719 2650 757 2687 a.
