1702 3190
638 146 878 176 ncmrrns.
1404 127 1500 172 &205

146 246 489 297 ARCHII'PUS,
531 247 712 300 aequalis
748 246 980 299 Amipsiae,
1011 246 1152 286 floruit
1190 245 1356 298 olymp.
1391 245 1502 297 xci,

12 341 114 382 qua
141 329 288 369 vicisse
319 340 412 367 eum
451 327 494 367 in
526 326 750 366 certamine
788 326 945 364 comico
976 324 1126 364 Suidas
1165 326 1356 374 tradidit,
1395 326 1503 366 acci-

34 413 156 450 nente
186 409 346 448 Eudoc.
377 421 418 460 p.
450 407 518 446 68.
586 405 814 445 infacetum
853 407 1018 456 poetam
1059 407 1101 441 et
1130 402 1317 454 inprimis
1348 417 1502 458 φορτι-

22 483 112 527 Δκὸν
147 487 277 527 fuisse
321 486 546 526 memoriae
594 484 775 537 prodidit
815 483 956 523 Schol.
996 482 1209 534 Aristoph.
1251 483 1378 536 Vesp.
1419 487 1503 525 500

34 566 160 616 (479)
201 563 286 603 τῶν
323 559 596 618 τριχοινίκων
634 558 764 609 ἐπῶν,
800 556 899 599 ἀντὶ
946 557 1027 598 τοῦ
1066 557 1153 598 τῶν
1195 555 1390 603 εὐτελῶν.
1449 561 1505 603 τὰ

35 641 218 683 τοιαῦτα
253 640 374 696 παρὰ
411 638 488 688 τὰς
517 635 667 694 φωνὰς
695 635 858 690 παίζει,
903 636 1116 694 ([ορτικοῦ
1145 634 1295 690 ὄντος,
1340 639 1407 696 ἐφ’
1438 634 1505 691 οἷς

29 717 224 774 μάλιστα
254 718 341 760 τῶν
369 716 565 768 ποιητῶν
593 712 871 759 σκώπτουσιν
891 713 1161 774 ”Αρχιππον.
1222 719 1309 760 Cfr.
1328 723 1503 763 Casaub.

33 799 84 839 ad
99 799 251 839 Athen.
272 800 308 841 V
313 799 350 839 11
381 813 422 852 p.
445 799 528 838 329
545 811 580 839 c.
611 798 748 838 Huius
765 799 1037 839 celeberrima
1053 798 1194 839 fabula
1215 797 1296 839 fuit
1314 814 1363 840 ea
1383 815 1503 853 quam

30 870 188 930 Ἰχθῦς
217 878 443 931 inscripsit,
481 878 523 917 in
556 891 635 930 qua
666 878 736 930 qui
766 878 1035 930 piscariorum
1068 878 1292 929 nequitiam
1325 882 1506 933 exagita-

33 961 115 996 tam
154 969 247 997 esse
283 957 453 1010 putabat
479 957 823 997 Hcmsterhusius
862 957 913 996 ad
945 957 1106 997 Polluc.
1137 957 1174 996 X
1204 957 1274 1005 3⁰,
1314 971 1394 998 non
1436 974 1506 1000 co-

32 1036 175 1090 gitavit
217 1035 302 1075 tale
339 1041 626 1088 argumentum
665 1035 827 1076 mediae
867 1036 931 1076 vel
972 1049 1104 1076 novae
1151 1048 1271 1089 quam
1313 1039 1506 1090 antiquae

34 1114 273 1155 comoediae
324 1128 417 1156 esse
463 1115 826 1155 accommodatius.
911 1115 1163 1167 Fragmenta
1210 1117 1507 1170 contemplanti

31 1194 140 1234 hauc
182 1193 364 1234 fabulam
405 1207 456 1234 eo
499 1195 672 1234 consilio
710 1207 734 1233 a
764 1198 887 1247 poeta
926 1195 1121 1247 scriptam
1152 1195 1353 1247 suspicari
1392 1198 1505 1248 licet,

32 1277 79 1315 ut
106 1273 424 1314 Atheniensium
452 1273 713 1312 immodicam
745 1265 1057 1327 ἰχθυοφαγίαν
1094 1273 1333 1325 exagitaret.
1400 1277 1504 1316 Eam

33 1365 120 1393 rem
149 1351 206 1391 ita
235 1352 399 1391 videtur
433 1352 682 1402 instituisse,
721 1356 767 1392 ut
807 1353 969 1406 pisces,
1008 1353 1078 1404 qui
1118 1365 1201 1392 non
1241 1353 1410 1394 dubium
1443 1361 1505 1395 est

32 1432 130 1485 quin
159 1431 332 1472 chorum
360 1432 528 1472 fabulae
559 1432 860 1481 coiistituerint,
891 1444 1016 1485 quum
1038 1433 1227 1472 omnibus
1253 1434 1387 1474 modis
1417 1439 1505 1475 tur-

24 1511 121 1553 ³‘bari
150 1525 245 1552 sese
274 1512 324 1552 ab
340 1512 665 1553 Atheniensibus
694 1512 907 1560 vidissent,
938 1511 1093 1551 bellum
1126 1513 1389 1552 vexatoribus
1419 1514 1504 1553 suis

34 1589 222 1631 intulisse
250 1592 444 1644 fingeret.
489 1591 679 1643 Denique
708 1596 802 1643 post
831 1592 966 1631 varios
997 1604 1114 1631 casus
1145 1595 1187 1630 et
1217 1591 1375 1631 incerta
1405 1593 1505 1633 belli

26 1671 257 1719 ,certamina
284 1670 434 1710 foedus
463 1671 573 1710 inter
602 1683 648 1710 se
677 1669 831 1709 fecisse
861 1670 1054 1710 videntur
1082 1671 1358 1723 praeliantes,
1389 1673 1505 1712 cuius

24 1749 196 1803 ,quidem
227 1750 490 1790 condiciones
519 1749 600 1789 hae
630 1749 761 1788 fuisse
791 1749 1006 1799 videntur,
1049 1754 1096 1789 ut
1133 1750 1305 1790 redditis
1336 1752 1506 1803 captivis

34 1827 304 1869 Athenienses
334 1828 377 1877 ii,
406 1828 475 1880 qui
505 1841 605 1881 prae
636 1828 786 1867 ceteris
804 1827 993 1868 hostibus
1021 1829 1176 1869 infensi
1205 1829 1383 1869 fuissent
1412 1830 1506 1882 plu-

34 1906 261 1959 rhnumque
292 1907 484 1947 damnum
513 1907 772 1956 intulissent,
813 1909 996 1959 piscibus
1035 1908 1260 1948 devorandi
1289 1909 1505 1948 traderen-

0 2034 2 2040 γ
34 1987 112 2025 tur.
193 1985 358 2026 Partem
395 1986 602 2035 foederis,
650 1997 774 2038 prosa
808 1988 996 2027 oratione
1033 1989 1279 2040 conscripti,
1326 1989 1506 2028 servavit

0 2052 1 2124 l
34 2063 271 2104 Athenaeus
300 2066 371 2105 lib.
404 2066 481 2107 VII
520 2079 561 2118 p.
592 2067 674 2105 329
694 2067 733 2106 b.
748 2079 783 2114 c,
815 2078 895 2117 quo
935 2066 1027 2106 loco
1058 2068 1088 2107 ii
1128 2074 1506 2107 commemorantur

0 2132 3 2198 l
35 2142 306 2183 Athenienses
356 2157 459 2195 quos
511 2145 646 2196 pisces
694 2158 740 2184 se
796 2145 1034 2184 reddituros
1092 2159 1184 2185 esse
1232 2147 1505 2198 pollicentur:

0 2204 7 2286 l
35 2215 282 2261 ἆποδοῦναι
306 2214 449 2261 δ’ὅσα
478 2218 632 2274 ἔχομεν
660 2217 874 2270 ἀλλήλων,
932 2218 1048 2274 ἡμᾶς
1076 2223 1157 2275 μὲν
1186 2220 1265 2271 τὰς
1300 2219 1505 2278 Θρᾴττας

2 2292 7 2373 ἰ
35 2298 110 2338 καὶ
145 2294 395 2354 Ἀθερίνην
422 2297 503 2349 τὴν
533 2297 778 2356 αὐλητρίδα
805 2299 880 2340 καὶ
910 2297 1091 2350 Σηπίαν
1121 2298 1202 2350 την
1236 2297 1409 2357 Θύρσου
1438 2306 1502 2356 (h.

4 2382 6 2440 ᾖ
38 2392 74 2418 e.
112 2391 321 2418 uxorem
358 2379 536 2430 Thyrsi,
573 2392 654 2418 non
694 2380 893 2432 filiam)
930 2380 1006 2419 καὶ
1042 2378 1142 2429 τοὺς
1186 2378 1392 2436 Τριγλίας
1429 2383 1504 2422 καὶ

5 2477 7 2483 ·
39 2451 276 2504 Εὐκλείδην
313 2451 390 2495 τὸν
420 2452 615 2510 ἄρξαντα
644 2455 736 2498 κτλ.
805 2460 850 2499 In
882 2460 1225 2510 Atheniensibus,
1265 2464 1335 2514 qui
1377 2464 1502 2515 pisci-

41 2535 116 2574 bus
145 2535 368 2575 devorandi
398 2536 674 2585 traderentur,
706 2544 1051 2579 commemoratur
1079 2541 1350 2591 Melanthius,
1379 2546 1504 2594 poeta

6 2598 8 2600 ,
40 2613 218 2664 tragicus
253 2614 339 2665 ²⁵),
378 2615 527 2655 Athen.
556 2615 658 2657 VIII
694 2628 736 2668 p.
767 2617 888 2658 343c
923 2615 971 2657 ἐν
1009 2617 1100 2666 τοῖς
1135 2614 1348 2672 Ἰχθύσιν
1384 2615 1504 2673 ”Αρ-

72 2714 170 2766 ’““”)
199 2714 262 2755 De
286 2715 404 2768 poesi
432 2714 607 2758 hominis
637 2728 742 2770 quae
773 2718 852 2759 dici
881 2724 1054 2772 possunt
1083 2722 1291 2775 congessit
1320 2720 1412 2761 fere
1442 2721 1503 2760 di-
