1702 3190
590 171 913 205 ιἰιεικοιυπι
1427 135 1487 196 ’17

9 284 134 327 dubie
161 279 435 336 gravissimas,
501 275 796 319 Eratosthenis
829 272 1119 314 auctoritatem
1146 271 1295 324 postea
1321 269 1490 322 sequuti

9 368 107 406 sunt
134 363 374 404 Athenaeus
403 358 658 398 Scholiastes
688 352 976 405 Aristophanis
1015 355 1058 390 et
1099 350 1134 389 si
1174 350 1245 401 qui
1276 349 1346 388 alii
1374 349 1492 390 forte

9 441 200 483 Chironis
230 440 389 478 adiecta
420 438 473 476 de
502 441 672 476 auctore
701 433 868 473 fabulae
906 430 1164 471 dubitatione
1206 429 1485 469 meminerint.

9 520 215 571 Antiquae
253 517 384 570 igitur
422 517 662 556 comoediae
699 517 824 567 poeta
858 510 1074 550 habendus
1113 512 1177 549 est
1206 506 1487 547 Nicomachus

9 599 83 639 ille
114 598 180 638 cui
209 595 507 636 Eratosthenes
539 590 785 638 ΆΙεταλλεῖς
820 594 862 630 et
891 590 1116 630 Chironem
1148 586 1380 639 adscripsit,
1412 599 1488 626 ne-

10 689 91 730 que
127 674 442 716 confundendus
480 685 558 712 nec
595 684 688 712 cum
719 669 973 711 Nicomacho
1013 667 1198 717 musico,
1239 678 1362 719 quem
1392 666 1488 706 Ari-

8 755 167 796 stoxeni
206 753 418 805 aequalem
454 750 585 791 fuisse
624 750 747 792 docet
775 749 980 790 Bacchius
1012 744 1168 785 Introd.
1200 755 1305 785 mus.
1343 759 1384 799 p.
1414 747 1486 796 22,

7 846 84 875 nec
130 845 223 872 cum
269 830 520 871 Nicomacho
567 843 617 870 eo
678 830 795 870 cuius
853 829 1048 881 Ilithyam
1113 824 1356 866 Athenaeus
1404 825 1492 867 V11'

7 920 49 967 1).
78 911 196 952 2901·
230 914 272 951 et
309 910 605 950 Naumachiam
636 910 841 950 Stobaeus
872 908 1018 948 Floril.
1049 904 1273 946 XXXVIII
1304 905 1359 944 10
1396 904 1488 946 lau-⁴

9 992 117 1032 dant.
186 990 311 1030 Hunc
350 990 459 1029 enim
496 1001 629 1029 novae
667 988 908 1028 comoediae
937 990 1103 1040 poetam
1141 983 1273 1024 fuisse
1303 984 1486 1025 certissi-

6 1083 118 1112 mum
148 1073 225 1111 est,

122 1148 207 1189 Sed
236 1146 364 1187 redeo
394 1146 506 1186 unde
536 1146 747 1199 digressus
777 1157 890 1195 sum,
930 1143 982 1184 ad
1012 1142 1294 1192 merem-atis,
1323 1143 1411 1183 sive
1438 1146 1488 1184 ut

7 1227 278 1270 Eratostheni
313 1225 471 1277 placuit
507 1225 752 1264 Nicomachi
791 1226 1039 1272 Chironem,
1076 1222 1130 1262 de
1169 1222 1285 1261 cuius
1319 1221 1488 1263 fabulae

7 1308 248 1359 argumento
278 1305 314 1344 si
344 1317 530 1356 quaeras,
561 1316 639 1355 ego
671 1304 838 1355 quidem
868 1317 918 1342 ex
945 1303 996 1342 iis
1028 1314 1133 1353 quae
1163 1300 1265 1340 mihi
1294 1302 1489 1342 innotue-

9 1389 104 1427 mnt
131 1383 374 1436 fragmentis
405 1383 509 1422 nihil
540 1384 651 1438 quod
681 1384 848 1435 quidem
879 1386 1040 1422 certum
1070 1383 1112 1418 et
1143 1380 1403 1433 exploratum
1433 1382 1487 1422 nit

9 1477 75 1511 me
104 1476 251 1503 eruere
281 1463 469 1516 potuisse
498 1463 650 1503 invitus
680 1463 836 1512 fateor-3
871 1472 1118 1514 quamquam
1149 1460 1201 1500 ad
1226 1461 1488 1514 depravatio-

9 1551 102 1586 nem
132 1543 230 1582 artis
261 1543 441 1582 musicae
474 1556 662 1595 magnam
701 1543 789 1582 eius
818 1546 979 1594 partem
1008 1540 1260 1593 pertinuisse
1297 1545 1387 1581 tum
1423 1542 1488 1582 in-

12 1623 175 1676 ieriptio
205 1622 373 1662 fabulae
403 1622 530 1662 fidem
559 1621 674 1671 facit,
704 1625 793 1661 tum
822 1633 921 1661 vcro
954 1632 1004 1659 ex
1023 1620 1238 1672 praeclaro
1268 1620 1342 1660 illo
1373 1620 1490 1675 frag-

10 1705 144 1743 mento
175 1701 285 1755 apud
318 1701 587 1741 Plutarchum
618 1701 671 1740 de
692 1700 804 1740 Mus.
834 1713 876 1752 p.
908 1699 1017 1740 1141
1051 1699 1092 1740 d.
1123 1704 1288 1740 servato
1318 1701 1484 1753 perspi·-

13 1781 129 1823 ἀΐω.
202 1781 379 1823 Achillis
416 1785 460 1821 et
498 1781 661 1833 Ulyssis
699 1783 840 1833 partes
879 1779 1035 1832 aliquas
1080 1779 1125 1819 in
1166 1778 1314 1819 eadem
1348 1779 1492 1821 fabula

13 1859 139 1901 fuisse
166 1860 336 1912 colligas
368 1873 392 1899 e
420 1859 514 1900 loco
548 1861 751 1913 quantivis
780 1858 907 1912 pretii
936 1858 1047 1911 apud
1077 1857 1220 1898 Schol.
1238 1858 1365 1898 Arist.
1379 1858 1488 1900 Rau.

13 1939 121 1981 1843
149 1934 434 1992 διεβάλλοντο
463 1933 535 1979 ἐπ’
567 1933 824 1994 αἰσχρότητι
854 1935 897 1976 οἱ
925 1935 1128 1990 Λέσβιοι.
1159 1934 1237 1976 καὶ
1265 1933 1313 1976 ἐν
1341 1934 1401 1992 τῷ
1428 1930 1491 1986 εἰς

17 2013 288 2074 Φερεκράτην
325 2013 643 2075 ἀναφερομένῳ
683 2013 894 2074 Χείρωνι·
932 2011 1063 2057 δώσει
1101 2013 1151 2056 δέ
1185 2029 1252 2065 τις
1279 2015 1491 2069 γυναῖκας

13 2091 122 2137 ἑπτὰ
145 2093 387 2151 Λεσβίδας.
443 2095 581 2139 καλὸν
617 2095 669 2138 τὸ
707 2096 850 2154 δῶρον
894 2090 992 2137 ἕπτ’
1039 2092 1151 2150 ἔχειν
1186 2092 1490 2153 λαικαστρίας.

15 2177 94 2230 Qui
121 2190 264 2219 versus
299 2179 358 2220 ita
386 2180 624 2234 corrigendi
662 2182 706 2220 et
739 2179 850 2220 inter
879 2177 1166 2230 colloquentes
1194 2190 1396 2231 personas
1425 2176 1491 2217 di-

13 2256 242 2298 utribuendi
271 2261 389 2298 sunt:

182 2329 248 2376 α’.
306 2332 436 2376 δώσει
465 2332 514 2375 δέ
542 2346 616 2375 σοι
642 2333 852 2388 γυναῖκας
880 2329 990 2374 ἔπτὰ
1015 2328 1257 2385 Λεσβίδας.

182 2406 243 2466 β’.
301 2409 439 2454 καλόν
464 2427 511 2466 γε
542 2410 683 2468 δῶρον
712 2407 807 2453 ἕπτ’
841 2409 953 2466 ἔχειν
975 2408 1276 2468 λαικαστρίας.

16 2493 149 2545 Quem
180 2493 232 2533 ad
261 2493 430 2534 modum
466 2493 559 2533 fere
595 2492 793 2545 leguntur
828 2492 875 2533 hi
902 2505 1046 2535 versus
1076 2495 1187 2548 apud
1213 2494 1407 2536 Eustath.
1436 2495 1490 2537 ad

15 2570 188 2612 Homer.
219 2571 334 2612 Iliad.
363 2586 406 2626 p.
435 2572 518 2612 741
562 2572 633 2613 24.
701 2572 822 2624 Quod
857 2578 994 2614 autem
1032 2574 1207 2614 Achillis
1246 2579 1289 2614 et
1325 2575 1489 2628 Ulyssis

15 2647 121 2690 hacc
158 2649 284 2690 verba
319 2663 412 2692 esse
449 2652 680 2704 suspicatus
716 2665 828 2702 sum,
865 2652 950 2693 feci
988 2653 1164 2694 Homeri
1198 2654 1489 2695 auctoritatem

18 2732 232 2784 sequutus,
268 2730 379 2785 apud
415 2743 540 2787 quem
577 2731 695 2774 Iliad.
741 2731 801 2773 1x
830 2732 915 2773 270
953 2733 1140 2787 myst-xes,
1176 2733 1414 2787 legationis·
1432 2732 1487 2774 ad
