1702 3190
675 166 864 197 corcus.
1427 154 1511 197 125

36 272 142 315 illud
169 274 333 325 tempus
360 270 569 322 incidere,
599 280 682 323 quo
711 267 1026 310 Atheniensium
1055 267 1099 309 in
1129 266 1311 310 Siciliam
1341 269 1512 322 expedi-

38 352 95 394 tio
130 353 376 407 parabatur,
413 351 457 391 id
496 354 560 391 est
600 350 764 403 Olymp.
794 346 889 388 XCI
920 347 939 385 1
985 347 1195 386 mensibus
1226 348 1511 401 Munychione

41 435 84 474 et
112 431 408 484 Thargelione.
477 429 606 471 Cuius
642 427 865 480 impietatis
902 438 1112 466 rumorem
1142 427 1224 466 iam
1253 433 1350 466 ante
1378 428 1512 479 ipsam

39 525 207 553 reorum
252 509 529 557 delationem,
575 520 681 560 quae
724 505 936 558 sequentis
979 505 1147 544 demum
1190 507 1348 544 mensis
1394 506 1511 546 initio

41 591 291 632 Hermarum
321 588 621 628 mutilationem
650 589 826 636 sequuta
855 588 940 633 est,
977 583 1169 636 Thucyd.
1200 584 1258 626 VI
1287 586 1358 634 27,
1388 585 1511 626 Diod.

39 671 123 711 Sic.
152 669 255 709 XIII
293 669 342 715 2,
379 666 501 719 plane
541 665 701 705 nullum
735 664 847 704 inter
883 663 994 703 cives
1033 663 1347 716 percrebuisse,
1385 677 1510 704 nemo

37 761 121 789 non
151 746 350 787 concedat
378 756 553 785 necesse
582 747 661 793 est,
691 744 762 797 qui
791 748 950 784 attento
980 743 1116 782 animo
1147 743 1298 795 legerit
1317 743 1510 797 Thucyd.

35 827 66 868 1.
94 825 124 866 l.
153 824 355 866 Andocid.
389 824 504 863 Orat.
543 822 596 862 de
625 822 755 875 Myst.
792 835 835 876 p.
864 823 922 862 88
960 823 1091 863 Bekk.
1126 822 1338 863 Plutarch.
1377 823 1513 864 Alcib.

36 905 92 947 19
122 905 190 945 cll.
220 903 403 945 Aristide
434 903 567 942 Oratt.
597 902 679 942 vol.
711 902 752 942 11
787 915 830 956 p.
859 902 917 943 54
947 902 1015 942 13.
1054 903 1203 954 Neque
1232 902 1402 942 dubium
1434 907 1512 952 est,

37 986 72 1026 si
105 985 173 1024 vel
210 982 459 1024 levissimam
497 982 587 1022 eius
623 982 685 1021 rei
722 981 1004 1033 suspicionem
1034 981 1214 1034 populus
1243 982 1513 1023 Atheniensis

35 1064 275 1113 habuisset,
320 1061 419 1114 quin
460 1061 766 1101 obtrectatores
806 1061 1033 1102 Alcibiadis
1079 1061 1258 1102 violatae
1294 1062 1512 1114 religionis

36 1143 155 1184 litem
184 1143 226 1182 in
255 1141 417 1182 recenti
446 1140 558 1180 facto
596 1140 636 1180 ei
673 1140 875 1180 intenturi
904 1152 983 1180 nec
1013 1141 1237 1193 quidquam
1265 1140 1514 1181 intentatum

35 1221 225 1263 relicturi
264 1219 464 1270 fuissent,
505 1232 587 1272 quo
626 1218 761 1259 minus
797 1223 968 1271 praetor
1004 1221 1209 1260 exercitus
1248 1221 1292 1260 in
1329 1221 1514 1262 Siciliam

36 1299 228 1343 mittendi
260 1302 487 1349 crearetur,
517 1297 628 1350 quod
656 1297 738 1337 iam
753 1298 1036 1351 Munychione
1060 1312 1203 1340 mense
1232 1299 1389 1340 factum
1419 1314 1514 1341 esse

37 1394 64 1422 o
101 1380 350 1433 Thucydide
379 1382 540 1419 constat
575 1378 648 1418 lib.
686 1376 746 1419 Vl
777 1378 818 1418 8.
855 1381 1133 1432 poterantque
1170 1378 1363 1433 profecto
1399 1379 1514 1420 Alci-

36 1460 169 1502 biadis
205 1459 362 1499 inimici
398 1462 514 1499 tanto
545 1458 699 1498 certius
728 1469 852 1511 quem
880 1458 1038 1500 vellent
1067 1461 1339 1500 accusationis
1369 1464 1515 1500 contra

37 1539 295 1583 Alcibiadem
333 1543 472 1579 motae
509 1542 705 1578 eventum
743 1541 1010 1590 exspectare,
1054 1550 1136 1591 quo
1178 1539 1378 1580 maiorem
1418 1553 1515 1580 esse

37 1620 191 1662 scirent
219 1617 521 1671 religiosissimi
550 1618 695 1671 populi
723 1617 1063 1670 superstitionem
1106 1622 1149 1659 et
1184 1619 1226 1660 in
1263 1620 1514 1660 ulciscendis

38 1699 267 1740 divinarum
315 1709 458 1737 rerum
492 1695 763 1737 violatoribus
799 1697 1070 1737 iracundiam.
1148 1698 1214 1738 Ex
1253 1698 1320 1740 his
1356 1699 1514 1751 liquido

0 1757 1 1826 j
37 1778 137 1819 mihi
174 1782 366 1818 constare
403 1776 591 1828 videtur,
629 1777 817 1817 eiusdem
855 1776 952 1817 anni
980 1776 1188 1830 Dionysus
1227 1777 1434 1829 fabulam,
1470 1780 1515 1821 iu

0 1836 2 1865 i
36 1869 119 1910 qua
148 1855 372 1898 Alcibiadis
409 1857 702 1909 mysteriorum
741 1855 974 1909 profanatio
1013 1856 1102 1897 sive
1139 1862 1285 1910 aperte
1322 1859 1410 1899 sive
1445 1872 1515 1899 oc-

40 1935 150 1976 culte
186 1939 422 1986 taxaretur,
457 1936 646 1976 exbiberi
681 1935 799 1976 nullo
836 1936 960 1976 modo
997 1937 1198 1989 potuisse.
1265 1937 1411 1990 ltaque
1448 1951 1516 1978 se·

41 2015 204 2068 quentis
232 2016 328 2056 anni
358 2016 566 2071 Dionysiis
594 2016 675 2056 hoc
703 2014 860 2055 factum
891 2015 942 2055 ab
971 2016 1181 2070 Eupolide
1220 2016 1355 2066 dices,
1393 2031 1514 2070 prae-

39 2094 184 2134 sertim
215 2106 341 2147 quum
370 2095 582 2148 sequentis
612 2095 780 2136 demum
809 2096 906 2136 anni
935 2095 1067 2146 initio,
1097 2097 1270 2137 absente
1284 2097 1514 2145 Alcibiade,

39 2173 84 2214 in
114 2174 203 2214 eius
232 2187 397 2216 causam
425 2175 667 2228 inquisitum
695 2173 828 2216 fuisse
857 2179 1037 2216 constet.
1095 2176 1223 2228 Atqui
1250 2176 1294 2215 id
1323 2177 1405 2216 iam
1429 2176 1516 2229 pri-

39 2252 116 2294 mis
146 2253 319 2294 secundi
349 2254 515 2308 Olymp.
543 2255 640 2296 XCI
669 2254 766 2295 anni
795 2255 1008 2295 mensibus
1043 2253 1200 2294 factum
1238 2267 1353 2304 esse,
1393 2254 1517 2294 docet

41 2332 222 2372 narratio
262 2331 456 2387 Thucyd.
486 2334 544 2376 VI
581 2332 773 2374 3⁰-54
811 2334 880 2375 cll.
918 2333 1039 2374 Diod.
1078 2333 1161 2374 Sic.
1190 2332 1294 2372 XIII
1323 2330 1366 2374 5.
1432 2333 1515 2374 Da·-

42 2415 182 2451 mnato
220 2414 359 2452 autem
397 2412 480 2452 iam
517 2412 732 2454 Alcibiade
775 2418 819 2453 et
853 2426 932 2466 per
965 2412 1111 2466 populi
1149 2412 1363 2454 decretum
1404 2413 1516 2453 exilii

44 2501 178 2542 poena
222 2490 411 2541 multato,
455 2492 676 2545 Eupolidis
719 2491 902 2532 fabulam
946 2491 1147 2533 committi
1188 2506 1270 2532 non
1311 2493 1514 2545 potuisse,

11 2619 14 2630 .
46 2567 138 2620 quis
169 2574 233 2608 est
261 2571 331 2622 qui
359 2583 442 2611 non
471 2570 709 2625 intelligat?
752 2571 896 2624 Itaque
926 2572 1030 2612 nihil
1058 2571 1239 2624 relinqui
1267 2571 1404 2620 video,
1435 2571 1514 2611 nisi

12 2652 14 2665 ¹
46 2651 93 2688 ut
121 2648 338 2700 Eupolidis
366 2649 547 2692 fabulam
579 2651 742 2704 Olymp.
768 2651 862 2692 XCI
893 2653 932 2692 1.
962 2653 1071 2693 ludis
1101 2651 1360 2691 Liberalibus
1391 2651 1515 2690 urba-

0 2716 17 2784 j'
47 2725 124 2774 nis,
152 2726 284 2767 tribus
312 2731 407 2769 ante
435 2723 616 2770 Siculam
646 2730 961 2784 expeditionem
979 2732 1212 2781 mensibus,
1242 2734 1375 2771 actam
1406 2742 1515 2779 esse,
