1702 3190
224 180 306 222 138
862 185 1050 218 suroris.

221 283 518 344 Καριμάντων
552 286 770 340 legendum
811 299 904 327 esse
943 279 1240 340 Γαριμὰντων.
1273 287 1344 338 ⁹⁰)
1413 286 1500 339 cfr,
1536 287 1687 328 Hem-

222 368 448 409 sterhusius
477 365 631 408 Anecd.
662 365 680 405 1
716 378 756 418 p.
784 366 854 405 70.
917 364 1000 404 Sed
1035 368 1242 416 utcunque
1280 364 1332 404 de
1370 365 1525 417 origine
1552 366 1664 410 vocis

221 449 443 494 statuatur,
478 455 559 483 non
595 443 735 495 inepte
775 443 1072 494 comparaveris
1100 455 1243 482 vocem
1277 438 1460 494 μαρίχη,
1499 454 1578 494 qua
1611 437 1661 480 τὸ

221 520 298 572 τῆς
324 517 524 574 γυναικὸς
557 517 712 574 μόριον
748 520 918 560 indicari
958 524 1102 559 auctor
1140 523 1202 560 est
1231 519 1520 571 Theognostus
1553 518 1661 571 apud

220 601 452 640 Bekkerum
482 600 635 640 Anecd.
666 599 736 637 Gr.
765 611 806 649 p.
831 598 955 638 1396.
1012 598 1184 638 Flexum
1212 597 1385 637 nominis
1414 597 1547 648 attigit
1575 597 1662 636 He-

223 677 419 716 rodianus
463 676 571 728 apud
599 675 860 716 Eustathium
897 675 948 716 ad
975 676 1098 715 Hom.
1130 675 1243 716 Iliad.
1285 668 1327 727 (3'
1362 687 1404 727 p.
1432 675 1515 714 300
1543 675 1597 714 22
1636 667 1660 712 ὃ

220 750 267 792 δὲ
298 749 579 806 “Ηρωδιανὸς
607 751 696 799 τοῖς
724 745 963 806 εἰρημένοις
996 749 1283 808 παραπηγνύς
1317 750 1392 791 καὶ
1426 747 1505 790 τὸν
1542 745 1659 803 παρὰ

218 828 280 888 τῷ
306 829 477 886 κωμικῷ
502 831 740 883 (Aristoph.
769 830 908 881 Nub.)
938 828 1146 886 Μαρικᾶν
1180 827 1230 871 τὸ
1267 823 1493 883 βάρβαρον
1519 824 1660 882 ὄνομα

220 904 295 949 διὰ
320 905 400 948 τοῦ
426 919 478 948 ντ
503 904 717 958 κλιθῆναι
743 905 857 960 λέγει
883 906 1148 963 παραφέρων
1168 905 1326 961 χρῆσιν
1353 902 1536 957 ταύτην·
1565 901 1657 947 ἀλλ’

219 976 299 1027 οὗν
338 982 468 1039 ἔγωγέ
504 998 575 1026 σοι
615 984 723 1038 λέγω
763 983 1028 1040 Μαρικᾶντα
1064 982 1127 1039 μὴ
1163 981 1366 1035 κολάζειν.
1439 987 1530 1038 Quo
1567 986 1659 1026 loco

217 1076 318 1105 usus
349 1068 413 1104 est
441 1064 723 1103 Blomfieldius
752 1065 803 1103 ad
833 1065 1024 1117 Aeschyli
1063 1065 1177 1105 Pers.
1207 1062 1275 1112 65,
1305 1062 1378 1102 sed
1413 1063 1565 1116 duplici
1593 1075 1659 1102 er-

216 1154 311 1180 rore
349 1141 509 1194 lapsus,
546 1144 633 1179 tum
669 1142 777 1192 quod
814 1142 960 1182 incerti
1001 1140 1176 1180 auctoris
1205 1153 1368 1180 versum
1397 1139 1658 1192 Aristophani

216 1220 382 1268 tribuit,
420 1223 507 1257 tum
535 1231 633 1258 vero
664 1219 773 1271 quod
802 1220 924 1259 etiam
960 1219 1067 1271 apud
1097 1218 1412 1271 Aristophanem
1441 1219 1547 1259 Nub.
1574 1217 1658 1257 549
1691 1222 1694 1226 ⁴

215 1296 390 1336 formam
419 1292 686 1348 Μαρικᾶντα
713 1309 789 1349 pro
819 1293 1028 1350 Μαρικᾶν
1053 1296 1198 1348 reponi
1226 1297 1375 1344 voluit,
1405 1300 1544 1336 contra
1572 1295 1658 1335 Eu·
1692 1308 1694 1310 ’

217 1374 358 1414 stathii
386 1374 717 1422 admonitionem,
746 1374 816 1426 qui
844 1375 979 1414 verbis
1008 1368 1085 1412 τὸν
1113 1369 1233 1426 παρὰ
1265 1367 1325 1429 τῷ
1350 1369 1520 1426 κωμικῷ
1549 1369 1660 1410 Μα-

219 1448 343 1504 ρικᾶν
370 1452 589 1504 perspicue
620 1451 820 1499 ostendit,
865 1451 1145 1490 Herodianum
1177 1451 1297 1490 etiam
1324 1451 1367 1490 in
1398 1463 1473 1491 suo
1502 1450 1659 1490 Aristo·

215 1528 362 1581 phanis
394 1529 535 1567 codice
563 1529 714 1568 editam
744 1528 962 1568 lectionem
993 1529 1238 1581 repperisse.
1269 1527 1409 1579 Itaqne
1437 1525 1660 1567 Herodiani

216 1605 442 1645 admonitio
471 1605 578 1645 hanc
606 1606 687 1645 vim
715 1605 860 1654 habet,
897 1609 943 1645 ut
973 1602 1200 1659 Μαρικᾶς,
1237 1605 1346 1657 quod
1373 1605 1661 1657 parisyllabum
1684 1643 1686 1645 ,

215 1683 366 1722 fecerit
396 1683 713 1734 Aristophanes,
751 1684 873 1722 etiam
903 1679 1187 1735 Dioepcxdvtog
1218 1683 1368 1722 flexum
1405 1682 1534 1722 fuisse
1564 1682 1663 1722 edo-
1689 1698 1692 1702 ’

216 1773 396 1800 ceamur.
475 1760 605 1812 quue
648 1759 719 1800 ille
760 1760 953 1812 deinceps
991 1760 1138 1800 incerti
1171 1765 1319 1813 poetae
1356 1772 1498 1809 versu,
1541 1771 1686 1812 quem*

216 1837 433 1889 Eupolidis
471 1850 564 1876 esse
601 1842 811 1889 putamus,
848 1838 1113 1878 confirmavit.
1180 1839 1285 1878 Rem
1326 1837 1489 1877 conficit
1519 1837 1693 1876 Gram-ss·

215 1915 392 1954 maticus
423 1914 608 1954 erameri
637 1915 795 1955 Anecd.
826 1915 883 1957 lv
911 1929 951 1967 p.
967 1915 1050 1955 335
1079 1916 1134 1955 32
1162 1911 1211 1954 τὸ
1241 1911 1288 1954 δὲ
1317 1910 1524 1968 Μαρικάς
1553 1912 1702 1965 Moe-35

215 1989 417 2045 ρικᾶντος
446 1989 681 2031 πέπλεκται
709 1992 834 2042 (fort.
864 1990 1082 2044 κέκλιται)
1111 1987 1223 2031 ἀλλὰ
1249 1990 1324 2031 καὶ
1351 1985 1690 2044 ι’σοσυλλάβωςΑ

216 2069 359 2121 Itaque
386 2070 598 2121 probabile
639 2076 702 2110 est
740 2071 782 2111 in
811 2070 1020 2111 Eustathii
1059 2071 1192 2111 verbis
1231 2074 1325 2109 ante
1361 2065 1437 2108 διὰ
1465 2055 1702 2120 ε’,ὶωίᾱίεειοὲῇἶ

214 2141 302 2186 καί.
368 2147 454 2187 Cfr.
492 2148 657 2189 Lobeek
693 2148 802 2201 apud
837 2148 1033 2189 Wolfium
1068 2150 1187 2190 Anal.
1226 2148 1286 2188 111
1321 2161 1362 2200 p.
1391 2147 1446 2187 50
1482 2159 1568 2200 sqq.
1609 2147 1688 2199 acte,

213 2224 439 2277 Phrynich.
477 2239 518 2277 p.
556 2227 639 2267 434
685 2230 726 2266 et
760 2227 935 2266 Bekkeri
973 2228 1129 2268 Anecd.
1168 2227 1228 2266 111
1263 2239 1305 2278 p.
1345 2225 1468 2265 1186.
1541 2212 1686 2277 Apud&

214 2302 355 2343 Schol.
396 2303 604 2355 Aristoph.
646 2305 752 2344 Nub.
793 2304 878 2344 545
923 2305 1052 2344 semel
1093 2305 1272 2345 flectitur
1319 2299 1395 2341 τοῦ
1439 2299 1683 2357 Magum&

215 2382 308 2433 Quo
336 2392 440 2420 anno
471 2380 657 2421 docuerit
685 2381 863 2422 fabulam
892 2383 1079 2436 Eupolis,
1109 2387 1267 2423 constat
1297 2395 1320 2421 e
1350 2381 1579 2421 Scholiasta
1607 2378 1681 2428 sd&

215 2458 323 2498 Nub.
350 2457 449 2507 549,
484 2459 555 2499 ubi
590 2471 640 2500 ex
676 2460 905 2501 didascaliis
933 2462 1056 2501 tertio
1085 2466 1178 2514 post
1206 2462 1356 2514 primas
1384 2460 1525 2499 Nubes
1554 2442 1681 2512 annolfi

276 2633 346 2685 ὀ)
380 2633 472 2699 ¹¹⁰?
508 2649 615 2675 nunc
650 2651 731 2678 non
770 2641 1042 2681 necessarium
1079 2652 1171 2681 esse
1199 2638 1399 2692 intelligo.
1455 2636 1548 2679 vid.
1581 2610 1679 2693 Lod}-

329 2690 461 2730 beckil
488 2692 691 2744 Aglaoph.
721 2707 761 2746 p.
793 2698 902 2736 1037
930 2695 999 2736 48,
