1702 3190
238 171 294 212 92
845 177 1096 206 unanimus..

153 252 155 255 ι
237 279 317 320 lam
346 277 469 317 docet
493 272 584 317 cod.
616 277 834 316 Falckenb.
878 290 928 316 ex
963 278 1077 316 ouius
1106 275 1190 316 fide
1217 276 1331 316 locus
1359 274 1415 314 ita
1445 272 1683 313 scribendus

237 360 326 394 esti
368 352 614 403 Φιλωνίδης
650 351 696 393 δὲ
731 351 775 392 ἐν
808 349 1060 407 Κοθόρνοις·
1095 352 1172 392 καὶ
1207 349 1535 406 πορυοτελῶναο,
1577 341 1682 402 “Ep-

237 443 402 482 μιππος
443 429 488 470 δὲ
527 430 574 472 ἐν
617 426 940 486 Ἀρτοπιόλισιν
977 430 1068 472 κτλ.
1145 433 1232 472 Neo
1275 432 1403 482 magis
1449 420 1682 480 Θεσμοφό-

234 521 334 561 ρους
363 508 578 562 Hermippi
607 510 1019 563 fabulis-accenseam
1049 523 1098 549 ex
1127 510 1296 549 Polluce
1326 508 1364 547 X
1394 508 1488 556 122,
1518 507 1587 546 ubi
1604 507 1693 549 Ca·-⁴

233 587 437 627 sanbonus
466 588 518 626 ad
546 588 695 628 Athen.
726 587 801 627 XV
830 601 870 638 p.
898 587 980 626 700
998 588 1023 626 d
1063 586 1230 638 corrigit
1266 579 1679 639 Φορμοφόροις,

233 664 342 715 quod
371 668 551 715 praestat
579 665 667 703 sine
697 664 820 703 dubio
849 664 1025 703 Fabricii
1053 665 1222 712 rationi,
1251 677 1331 703 non
1363 662 1506 703 comici
1533 665 1681 714 poetae

228 740 412 780 fabulam
452 741 560 792 apud
591 742 802 781 Pollucem
839 741 994 780 laudari
1033 741 1319 789 existimantis,
1361 740 1434 780 sed
1463 739 1678 791 Hermippi

230 818 442 869 Smyrnaei
468 812 582 869 ‘opus
618 819 670 858 de
706 818 1022 871 legislatoribus,
1089 818 1212 869 Atqui
1250 818 1502 870 Hermippus
1537 818 1678 868 Smyr-

230 908 356 934 naeus
394 896 555 946 scripsit
585 895 682 948 περὶ
719 893 1013 948 Nouot‘hrcaeiv,
1047 908 1127 936 non
1169 891 1490 949 Θεςμοφόρους,
1524 895 1676 937 Athen.

229 973 330 1017 XllI
357 986 398 1024 p.
427 972 509 1014 555
528 986 550 1012 o
588 978 630 1012 et
660 975 862 1026 Origenes
891 986 927 1012 c.
957 972 1064 1012 Cels.
1095 972 1114 1012 Ι
1161 986 1203 1025 p.
1232 974 1300 1014 13,
1368 974 1402 1014 Ε
1438 965 1679 1024 Φορμοφό-

227 1062 336 1101 ροις,
367 1053 413 1089 ut
442 1050 683 1102 Hesychius
711 1064 742 1091 s.
772 1064 810 1090 v.
840 1045 938 1095 Διὸς
968 1044 1153 1099 βάλανοι
1181 1053 1222 1089 et
1250 1051 1417 1091 Antiatt.
1446 1064 1487 1103 p.
1516 1050 1572 1088 82
1601 1049 1676 1088 do·-

227 1131 350 1175 cent‚
387 1131 546 1177 sumpta
582 1130 678 1166 sunt
721 1126 907 1177 longiora
951 1125 1176 1178 fragmenta
1221 1128 1328 1179 apud
1364 1128 1618 1168 Athenaeum
1654 1125 1675 1165 1

226 1218 267 1258 p.
297 1205 347 1245 27
368 1218 390 1243 a
421 1208 461 1242 et
490 1205 543 1243 29
565 1217 600 1251 c,
632 1202 813 1255 'quorum
842 1206 1016 1254 utroque
1044 1203 1212 1255 parodia
1239 1204 1552 1244 Homericorum
1582 1212 1672 1243 ver-

224 1294 343 1323 suum
373 1281 621 1329 continetur;
664 1285 709 1322 ut
738 1295 817 1321 non
849 1282 1030 1321 dubitem
1060 1281 1156 1332 quin
1186 1282 1236 1320 ad
1266 1281 1372 1320 hanc
1399 1283 1527 1333 ipsam
1554 1278 1671 1317 fabu-

223 1359 303 1398 lam
341 1359 566 1409 respexerit
595 1358 764 1398 Polemo
802 1359 910 1411 apud
939 1358 1089 1400 Athen.
1121 1358 1197 1398 XV
1241 1371 1282 1409 p.
1311 1359 1432 1398 ssssssa
1469 1350 1672 1402 πεποίηκε

222 1433 268 1477 δὲ
299 1431 521 1489 παρῳδίας
545 1434 624 1474 καὶ
643 1427 892 1489 ι’.Ε’ριιιιππος
922 1432 945 1475 ὁ
975 1433 1051 1483 τῆς
1079 1430 1262 1488 ἀρχαίας
1289 1429 1515 1489 κωμῳδίας
1543 1444 1671 1480 ποιη-

222 1508 308 1562 τής.
371 1514 485 1561 Quae
514 1513 724 1553 Fabricius
754 1515 902 1566 aliique
929 1515 987 1554 ita
1014 1514 1316 1562 intellexerunt,
1347 1512 1460 1565 quasi
1476 1510 1670 1561 Hermip-

219 1603 297 1644 pus
326 1591 512 1642 parodias
540 1592 706 1642 proprie
735 1592 793 1630 sic
823 1592 950 1630 dictas
981 1592 1175 1643 singulari
1202 1591 1407 1630 volumine
1436 1588 1671 1640 complexus

220 1668 408 1710 ediderit.
472 1667 580 1707 Mihi
618 1669 870 1720 Hermippus
905 1670 1093 1720 pat-odias
1130 1669 1228 1708 istas
1265 1667 1414 1706 fabulis
1451 1666 1535 1706 suis
1561 1666 1669 1705 inte-

218 1747 354 1785 xuisse
392 1744 574 1793 videtur,
611 1746 848 1796 Epicharmi
876 1747 1030 1787 Cratini
1060 1747 1312 1796 aliorumque
1342 1744 1571 1796 exemplum
1599 1755 1666 1782 se-

219 1828 382 1875 quutus.
449 1823 669 1862 Praeterea
703 1821 988 1876 (Ρορμοᾳόροι
1027 1825 1242 1864 laudantur
1270 1823 1319 1861 ab
1349 1821 1559 1863 Athenaeo
1588 1819 1665 1862 XV

215 1913 258 1953 p.
288 1901 371 1939 700
384 1899 423 1948 d,
453 1899 622 1938 Polluce
652 1901 730 1941 Vll
747 1901 815 1941 89.
846 1902 984 1941 1X71.
1013 1902 1052 1941 X
1075 1902 1170 1950 122,
1198 1900 1426 1941 Scholiasta
1453 1898 1661 1949 Aristoph.

215 1976 403 2025 Av.750‚
434 1976 704 2016 Grammatico
729 1979 858 2018 Bekk.
886 1979 1041 2019 Anecd.
1070 1992 1111 2032 p.
1138 1979 1220 2018 419
1250 1966 1316 2017 2‘6.
1388 1978 1449 2016 De
1476 1980 1662 2028 tempore

215 2054 379 2094 fabulae
423 2054 697 2095 coniecturam
738 2067 886 2107 capere
929 2057 1025 2096 licet
1068 2069 1117 2096 ex
1163 2055 1253 2095 loco
1296 2054 1404 2106 apud
1447 2054 1596 2095 Athen.
1640 2053 1660 2092 1

215 2144 255 2183 p.
285 2132 340 2170 27
359 2144 397 2180 e,
448 2132 516 2175 ubi
554 2133 726 2172 Sitalces
775 2137 1114 2173 commemoratur
1159 2132 1468 2174 Atheniensium
1510 2131 1679 2179 socius„

215 2209 386 2250 Occisus
409 2202 479 2248 'est
509 2210 616 2250 enim
645 2211 816 2253 Sitalces
848 2212 1011 2263 Olymp.
1038 2211 1248 2250 LXXXIX
1279 2210 1317 2258 1,
1355 2209 1407 2248 ad
1434 2209 1658 2248 Athenien-

213 2286 318 2325 sium
347 2289 482 2325 autem
512 2287 748 2329 societatem
777 2301 868 2327 sese
897 2289 1147 2340 applicuerat
1177 2289 1339 2338 Olymp.
1359 2286 1588 2327 LXXXVII
1615 2284 1657 2325 5.
1683 2336 1685 2339 v

214 2361 300 2404 Csr.
339 2362 520 2403 Clintoni
554 2364 666 2403 Fast.
696 2365 862 2408 Hellen.
899 2379 941 2418 p.
969 2366 1022 2406 71
1061 2367 1132 2406 Kr.
1190 2359 1436 2418 Εὐρώπη,
1478 2365 1547 2416 qui
1577 2363 1656 2404 fuit

214 2438 336 2478 etiam
373 2440 586 2485 Eubuleae
619 2441 783 2483 fabulae
816 2445 978 2493 titulus,
1015 2443 1143 2483 semel
1182 2442 1232 2484 ad
1265 2446 1403 2493 partes
1429 2443 1595 2482 meatur
1629 2453 1656 2481 a
1701 2488 1702 2491 ,

214 2513 364 2561 Photio
397 2517 493 2560 Lex.
523 2531 563 2570 p.
592 2518 674 2563 481
706 2521 772 2569 13,
815 2534 937 2572 quem
965 2519 1184 2571 exscripsit·
1202 2519 1348 2558 Suidas
1377 2531 1410 2558 s.
1441 2533 1478 2561 V.
1506 2516 1654 2574 ῥυζεῖν.
1700 2517 1702 2562 Ξ

212 2590 485 2643 Frequentior
514 2594 677 2637 fabulae
710 2594 844 2637 Θεοὶ
873 2599 1091 2649 inscriptae
1120 2597 1328 2646 memoria,
1348 2596 1498 2649 quippe
1516 2595 1652 2635 decies
1663 2569 1702 2659 3!

213 2667 422 2720 laudante,
457 2671 531 2713 ned
565 2672 621 2712 ita
651 2678 695 2715 ut
724 2675 774 2718 de
803 2678 1041 2728 argumento
1071 2674 1191 2715 huius
1219 2674 1380 2716 fabulae
1415 2687 1496 2716 non
1525 2672 1671 2726 magis,
1693 2698 1702 2739 3
