1702 3190
668 146 860 178 amous.
1419 132 1505 176 iao

29 250 73 294 11.
103 262 141 292 e.
171 249 336 304 olymp.
366 246 584 291 LXXXIX
611 247 641 291 4
677 251 811 290 aotam
842 260 936 293 esse
966 246 1189 298 docemur,
1218 251 1384 288 mortuo
1419 247 1502 289 iam

30 330 189 372 Gleone
217 330 260 370 et
287 329 522 382 Hyperboli
551 329 796 370 auctoritate
823 323 866 369 in
898 328 989 369 dies
1019 330 1248 367 crescente.
1305 328 1503 368 Didasca-

30 409 178 450 liarum
215 409 342 449 fidem
381 408 450 460 qui
491 407 808 460 haudquaquam
845 407 1009 447 idoneis
1051 405 1306 458 argument-is
1337 406 1502 446 elevare

0 467 3 541 ζ
33 493 202 530 conatus
232 492 322 529 erat
351 487 650 537 Callimachus,
686 488 784 527 satis
821 487 902 526 iam
937 486 1144 526 refutatus
1175 487 1240 524 est
1269 484 1320 522 ab
1350 484 1501 525 Erato·

0 610 2 621 ,
32 568 182 609 sthene
221 568 330 621 apud
359 566 500 608 Sehol.
538 566 568 607 Ι.
597 567 627 607 1.
657 566 743 606 sive
782 566 891 619 apud
919 564 1150 605 Bernhard.
1188 577 1232 617 p.
1261 564 1359 603 212.
1426 565 1500 604 Ti-

0 626 1 630 *
31 647 142 687 tulus
170 647 336 687 fabulae
358 646 508 699 passim
538 645 651 684 miris
672 645 805 685 modis
836 648 1055 697 corruptus
1082 647 1159 692 est,
1188 647 1236 683 ut
1265 643 1375 696 apud
1392 645 1500 684 Ero-

29 725 127 765 tian.
160 739 203 778 p.
232 726 316 764 396
351 721 400 762 ἐν
427 719 613 778 Μαρίᾳ,
658 723 759 765 Lex.
796 724 971 778 Seguer.
1008 738 1050 778 p.
1080 724 1164 764 467
1202 719 1252 761 ἐν
1289 721 1502 777 Μακαρι-

26 797 140 859 κᾶσῃ
176 806 219 843 et
255 803 425 844 Antiatt.
462 816 504 856 p.
545 802 626 842 111
665 799 965 861 Μακαρισμῷ.
1031 805 1094 844 De
1132 806 1378 855 argumento
1415 815 1500 843 non

25 885 92 924 est
119 882 230 935 quod
258 881 407 923 dubius
435 883 631 931 haereas,
670 895 916 936 quamquam
955 897 1060 937 quae
1094 882 1201 922 ratio
1237 881 1367 922 fuerit
1403 881 1500 921 irri-

26 962 154 1002 sionis
193 960 441 1014 fabulaeque
477 963 719 1003 oeconomia
755 964 1010 1017 ignoramus.
1074 959 1323 1003 Adscribam
1358 964 1498 1002 tamen

24 1040 314 1093 Aristophanis
343 1041 480 1081 locum
509 1053 560 1082 ex
589 1043 699 1083 Nub.
727 1042 826 1084 549.

81 1114 276 1166 Εὔπολις
301 1119 384 1173 μὲν
410 1116 491 1160 τὸν
519 1118 733 1174 ΆΙαρικᾶν
761 1116 1009 1175 πρώτιστον
1038 1115 1340 1174 παρείλκυσεν,

78 1195 323 1253 ἐκστρέψας
351 1194 452 1246 τοὺς
477 1193 713 1254 ἡμετέρους
735 1195 921 1248 Ἱππέας
946 1195 1080 1247 κακὸς
1106 1194 1261 1249 κακῶς,

27 1283 32 1289 “
55 1299 57 1301 ·
80 1275 301 1333 προσθεὶς
321 1271 441 1333 αὐτῷ
457 1275 597 1332 γραῦν
615 1274 838 1332 μεθύσην,
858 1277 938 1319 τοῦ
954 1273 1168 1334 κόρδακος
1190 1269 1422 1330 οὕνεχ’,80)
1442 1268 1499 1325 ἢν

26 1352 59 1386 '⁴⁷³
81 1351 303 1413 Φρύνιχος
330 1350 470 1397 πάλαι
498 1353 712 1412 πεποίηχ’,
742 1354 800 1408 ἣν
826 1355 879 1398 τὸ
908 1357 1040 1409 κῆτος
1067 1353 1249 1408 ἤσθιεν.

24 1436 88 1479 Ex
125 1438 272 1489 quibus
310 1437 393 1477 hoc
431 1442 546 1478 certe
582 1439 633 1478 ad
672 1441 906 1494 argumenti
944 1440 1150 1479 rationem
1189 1435 1331 1489 colligi
1371 1446 1498 1488 posse

22 1514 197 1566 videtur,
226 1519 274 1556 ut
303 1517 648 1569 quemadmodum
680 1519 881 1560 Cleonem
910 1519 962 1559 ab
990 1518 1289 1571 Aristophane,
1317 1515 1375 1555 ita
1403 1514 1500 1554 fere

23 1594 310 1650 Hyperbolum
341 1598 392 1636 ab
423 1597 631 1651 Eupolide
660 1597 827 1640 irrisum
865 1599 999 1640 fuisse
1037 1598 1342 1651 intelligamus:
1379 1592 1498 1634 cuius

20 1674 262 1717 imitationis
300 1675 556 1717 luculentum
594 1678 829 1732 exemplum
865 1679 1111 1719 monstravit
1140 1674 1408 1731 Spaldingius
1445 1672 1499 1712 ad

20 1753 193 1808 Quintil.
225 1754 244 1796 Ι
283 1756 337 1795 10
368 1756 435 1797 18.
503 1757 590 1797 Sed
621 1758 795 1811 Eupolis
836 1759 958 1799 etiam
991 1762 1164 1798 matrem
1194 1755 1398 1803 hominis,
1433 1756 1498 1793 te-

19 1832 248 1876 ‘fflulentam
291 1834 536 1886 mulierem,
586 1837 855 1878 deridendam
898 1832 1200 1891 spectatoribus
1246 1833 1496 1889 propinavit.

22 1911 414 1956 eti-..Scholiastam
442 1916 730 1970 Aristophanis
758 1917 871 1958 Plut.
903 1918 1029 1957 1038.

30 1991 74 2017 ‘'¹⁵⁴²'‘
133 1990 185 2032 Ν
188 1990 455 2046 ουμηνίαι
481 1994 622 2036 fabula
651 1997 702 2036 ab
733 2009 816 2036 uno
847 1997 1041 2037 laudatur
1070 1997 1244 2035 auctore
1260 1990 1496 2045 argumenti

24 2058 311 2125 fflstophanis
340 2074 692 2116 Acharnensium:
728 2070 952 2129 ἐδιδάχθη
987 2069 1063 2116 ἐπ’
1100 2067 1385 2124 Εὐθυδήμου
1413 2064 1496 2124 ἄρ-

18 2137 176 2202 ῂῠντος
223 2148 271 2190 ἐν
309 2148 528 2202 Ληναίοις
573 2149 648 2193 διὰ
688 2149 1052 2208 Καλλιστράτου,
1095 2152 1173 2194 καὶ
1211 2149 1383 2206 πρῶτος
1423 2139 1492 2198 ἦν.

0 2222 219 2284 fimf-5909
247 2228 470 2286 Κρατῖνος
501 2229 864 2286 Χειμαζομένοις·
904 2227 959 2272 οὐ
987 2227 1193 2282 σώζεται·
1232 2226 1378 2285 τρίτος
1404 2224 1497 2269 Εὕ-

0 2303 150 2355 ,uolas-
189 2306 481 2362 Νουμηνίαις.
554 2312 602 2352 Iu
642 2312 709 2352 his
757 2312 983 2353 Elmsleius
1026 2312 1147 2352 Auct.
1190 2310 1241 2350 ad
1279 2309 1494 2362 Aristoph.

20 2378 204 2439 aicham.
232 2401 274 2442 p.
306 2388 390 2430 113
427 2391 554 2432 verba
581 2385 635 2431 οὐ
660 2384 843 2442 σώζεται
870 2395 966 2446 post
993 2385 1274 2444 Νουμηνίαις
1301 2393 1494 2444 transpo-

0 2559 23 2605 ’ἦ
86 2591 160 2641 ⁸⁰)
190 2591 327 2632 Verba
354 2590 434 2633 τοῦ
459 2589 670 2647 κόρδακος
700 2589 856 2637 οὕνεκα
885 2597 937 2637 ad
966 2597 1180 2649 sequentia
1209 2595 1331 2635 traxit
1358 2594 1492 2635 Scho-

27 2654 29 2656 ’
55 2658 59 2667 ³
138 2647 294 2688 liastes.
360 2651 597 2692 Formulam
636 2655 767 2707 ipsam
800 2669 849 2695 ex
879 2654 1159 2708 Aristophane
1188 2656 1399 2693 mutuatus
1429 2654 1495 2693 est

139 2704 343 2747 Aristides
373 2707 488 2749 Orat.
518 2710 598 2751 vol.
630 2712 690 2753 111
721 2726 761 2766 p.
790 2713 875 2753 708
905 2713 952 2753 Β.
