1702 3190
217 167 300 207 2⁰4
866 176 1066 206 amasus·

217 267 401 330 μαστοὶ
415 287 456 322 ς,
495 272 545 311 de
578 272 706 312 'cuius
747 278 913 314 auctore
942 275 1023 316 Th.
1052 276 1218 328 Bergkii
1255 277 1528 316 coniecturam
1565 289 1659 316 sane

222 366 342 404 quam
372 351 620 404 probabilem
650 364 771 403 supra
802 365 842 403 p.
873 351 954 390 155
984 353 1124 400 attuli,
1154 365 1233 395 una
1261 367 1351 394 cum
1381 354 1661 405 Aristophanis

219 431 372 469 Avibus
418 433 459 466 et
502 429 721 480 Phrynichi
774 430 1022 480 Monotropo
1070 431 1113 469 in
1157 435 1361 470 certamen
1407 431 1660 470 commissam

222 507 383 558 olymp.
414 505 506 544 XCI
536 506 562 544 2
601 506 774 556 primum
805 507 1003 546 meruisse
1034 508 1259 558 praemium
1289 508 1409 546 docet
1438 507 1662 547 Scholiasta

220 583 500 635 Aristophanis
530 584 571 621 in
602 589 840 634 argumento
871 585 1029 624 Avium.
1090 582 1175 622 Mo
1189 581 1300 635 ιχοὶ
1329 584 1478 636 passim
1506 584 1547 623 in
1565 581 1663 622 Μυ-

215 661 288 714 χοὶ
330 666 544 712 corrupta,
582 659 696 700 velut
734 661 842 711 apud
881 662 1090 700 Pollucem
1121 662 1197 703 VII
1229 663 1309 701 100
1347 657 1584 713 ’.Αμὲιψίου
1619 658 1665 698 ἐν

222 737 392 790 ,Μυχοῖς
418 733 710 790 μιλτωρυχίαν
737 731 957 786 εἰπόντος,
998 740 1068 778 ubi
1098 752 1238 778 verum
1267 740 1366 778 vidit
1395 743 1558 791 praeter
1586 739 1620 778 F
1622 752 1665 778 a·

221 817 395 856 bricium
434 815 541 854 Bibl.
578 815 649 854 Gr.
688 815 726 853 II
771 829 810 867 p.
847 816 930 854 410
985 817 1169 868 Toupius
1205 817 1378 856 Emend.
1414 817 1456 856 in
1493 817 1607 856 Suid.
1647 816 1665 856 1

223 908 263 946 p.
293 893 390 932 301.
469 892 582 930 Idem
633 891 775 931 vitium
819 893 1046 933 tollendum
1091 906 1139 932 ex
1176 894 1446 933 Grammatico
1493 895 1664 946 Seguer.

222 986 263 1024 p.
294 971 376 1010 400
421 964 628 1022 ἀνέῳγονε
675 967 751 1006 καὶ
792 963 1036 1022 ’Λμειψίας
1075 968 1244 1022 Μυχοῖς
1279 970 1355 1009 καὶ
1391 969 1436 1009 οἱ.
1471 966 1668 1023 νεώτεροι

222 1044 442 1098 πολλαχοῦ
497 1046 620 1084 Mitto
650 1046 806 1096 reliqua
836 1046 1077 1097 fragmenta.
1132 1042 1339 1101 Σαπφώ
1371 1049 1420 1087 ab
1450 1061 1532 1089 uno
1559 1061 1669 1088 com-

223 1127 474 1165 memoratur
516 1123 685 1161 Polluce
725 1123 793 1162 lib.
826 1123 883 1162 IX
914 1123 995 1162 138
1032 1120 1077 1161 ἐν
1103 1122 1168 1180 ,τῇ
1203 1121 1443 1178 Ἀμειψίου
1469 1123 1666 1179 Σαπφοῖ,

225 1203 295 1243 ubi
326 1202 402 1241 MS
433 1201 557 1239 habet
586 1195 846 1252 Ἀμειψίους
874 1194 1030 1253 ἄμφω.

306 1278 491 1328 Denique
506 1272 749 1329 Σφενδόνῃ.
772 1278 839 1316 Sic
857 1278 963 1316 enim
978 1281 1143 1316 vocatur
1156 1278 1262 1329 apud
1273 1280 1419 1320 Athen.
1431 1280 1487 1322 VI
1507 1281 1674 1332 p.270f

224 1358 445 1410 paucisque
482 1354 569 1393 aliis
605 1355 718 1394 locis.
785 1354 1033 1405 Plerumque
1062 1360 1254 1407 corrupto
1296 1358 1414 1397 titulo
1443 1355 1671 1411 Σφενδῶνι

226 1436 292 1475 vel
327 1429 516 1471 Φείδωνι
545 1431 610 1470 vel
639 1426 870 1483 Σφενδόνι,
902 1445 976 1482 pro
1006 1433 1151 1483 quibus
1180 1435 1330 1484 ubique
1345 1431 1574 1490 Σφενδόνῃ
1602 1450 1669 1476 re-

226 1510 462 1565 ponendum
491 1523 581 1548 esse
610 1522 708 1548 vere
737 1510 892 1548 monuit
908 1510 1170 1550 Casaubonus
1192 1510 1243 1548 ad
1258 1511 1406 1551 Athen.
1423 1513 1460 1552 X
1487 1527 1528 1565 p.
1548 1514 1671 1553 44ssd

230 1602 351 1641 quem
381 1588 450 1638 qui
480 1588 663 1637 sequitur
686 1587 736 1626 T.
751 1587 1088 1627 Hemsterhusius
1118 1587 1168 1626 ad
1199 1587 1409 1628 Pollucem
1440 1590 1479 1629 II
1507 1591 1670 1642 p.1080

230 1679 378 1708 nomen
417 1665 654 1703 comoediae
689 1665 738 1703 ab
780 1665 943 1713 annulo,
974 1666 1102 1704 mutui
1140 1666 1287 1705 amoris
1325 1667 1463 1719 signo,
1508 1670 1672 1720 repetit5

232 1746 346 1784 cuius
374 1744 415 1782 in
446 1742 538 1793 pala
567 1743 721 1780 amicae
749 1742 883 1794 imago
911 1742 1114 1793 insculpta
1142 1741 1281 1783 fuerit.
1347 1746 1460 1795 Quae
1486 1746 1563 1784 etsi
1592 1758 1672 1787 non

231 1835 353 1863 unam
392 1821 444 1859 ob
474 1832 636 1858 causam
673 1832 814 1870 parum
848 1819 1073 1871 probabilia
1102 1824 1216 1868 sunt,
1257 1822 1429 1860 laudabo
1467 1826 1602 1862 tamen
1638 1823 1673 1862 si

233 1901 323 1952 quis
352 1898 522 1937 meliora
549 1897 747 1936 attulerit.
806 1897 866 1935 De
894 1901 1079 1947 tempore
1108 1897 1272 1937 fabulae
1302 1899 1576 1940 coniecturam
1606 1906 1692 1941 ‹ta-“²

232 1990 333 2031 pere
361 1977 458 2016 licet
486 1988 510 2015 e
538 1974 767 2027 fragmento
797 1974 904 2025 apud
934 1974 1091 2014 Polluc.
1121 1975 1159 2014 X
1190 1975 1270 2014 144
1300 1980 1482 2016 servato:
1694 1958 1696 1962 V

963 2047 1014 2089 τὸ
1042 2035 1122 2103 μὲν
1150 2047 1255 2104 δόρυ

344 2124 454 2182 μετὰ
481 2125 556 2175 τῆς
584 2122 813 2179 ἐπιχάλκου
842 2123 948 2180 πρὸς
975 2126 1226 2175 Πλαταιαῖς
1253 2124 1482 2180 ἀπέβαλεν.

236 2213 351 2262 Quae
380 2209 443 2247 vix
473 2206 647 2245 dubitari
676 2210 812 2257 potest
841 2207 934 2257 quin
967 2207 1018 2245 de
1048 2220 1184 2245 eoram
1214 2208 1347 2259 aliquo
1363 2200 1696 2258 Atheniensium}

236 2284 500 2337 intelligenda
529 2284 631 2331 sint,
662 2285 730 2334 qui
761 2297 884 2335 quum
914 2284 1222 2322 Lacedaemonii
1253 2286 1436 2324 Plataeas
1466 2274 1693 2324 obsidione-⁴³

238 2365 474 2410 cinxissent,
519 2374 611 2401 cum
647 2375 790 2414 magna
827 2365 942 2413 parte
981 2360 1281 2401 Plataeensium
1321 2363 1533 2414 eruptione
1568 2363 1694 2402 facts

237 2443 496 2493 aufugerunt,
525 2439 567 2478 id
583 2439 692 2490 quod
715 2439 866 2478 factum
890 2451 980 2478 esse
1002 2443 1161 2479 constat
1179 2439 1338 2490 Olymp.
1357 2439 1605 2480 LXXXVIII
1635 2440 1673 2479 1.

237 2519 330 2562 vid.
362 2516 626 2568 Thucydides
656 2517 716 2555 III
743 2518 798 2555 20
826 2529 911 2567 sqq.
942 2519 985 2555 et
1012 2515 1213 2555 Diodorus
1242 2516 1322 2555 Sic.
1353 2516 1431 2555 XII
1459 2516 1528 2557 56.
1595 2518 1673 2557 Ge-

239 2602 328 2638 tera
367 2593 530 2633 fabulae
570 2592 798 2645 fragmenta
837 2594 962 2636 hahet
998 2593 1231 2636 Athenaeus
1270 2594 1326 2636 VI
1370 2608 1409 2647 p.
1446 2594 1527 2635 27⁰
1543 2593 1574 2635 f.
1616 2593 1673 2635 IX

240 2689 281 2730 p.
310 2672 430 2714 4080.
459 2673 501 2709 et
528 2670 565 2710 X
594 2684 634 2722 p.
664 2671 746 2711 446
762 2672 801 2712 d.
