1702 3190
325 174 587 209 noetcmms.
646 175 929 208 Tnnossmnsss.
988 177 1290 209 nmosrnATtJS.
1445 166 1531 209 499

58 273 130 336 pto
155 277 307 334 passim
338 279 388 319 ab
418 279 596 333 antiquis
625 279 897 334 scriptoribus
937 279 1211 330 advocantur,
1247 277 1531 335 Παρακατα-

37 356 211 410 ’θήκην
247 371 330 399 non
370 358 552 400 fabulam
591 359 666 401 sed
703 349 977 413 philosophici
1015 371 1091 399 seu
1131 359 1257 400 ethici
1295 362 1530 414 argumenti

55 433 206 480 mirum
246 437 402 489 fuisse,
444 435 752 493 Φιλαδέλφους
782 442 919 478 autem
950 437 1321 491 Philadelphorum
1351 441 1433 492 (22)
1463 440 1529 480 hi-

10 513 19 587 l
54 524 225 565 storiam
257 526 300 563 et
327 533 394 561 res
411 523 549 573 gestas
579 518 818 572 exposuisse
849 516 1037 557 credidit.
1097 518 1159 557 Ex
1189 518 1347 560 incerta
1378 518 1522 560 fabula

9 591 17 667 l
57 602 140 644 duo
171 604 394 657 supersunt
420 597 871 651 fragmenta‚*’nlterum
901 608 924 635 a
953 596 1134 636 Stobaeo
1163 598 1278 638 Flor.
1309 598 1452 638 XXIII
1483 600 1525 648 2,

10 676 17 747 ζ
56 681 232 722 alterum
269 682 320 721 ab
357 679 571 720 Athenaeo
608 677 627 716 1
661 690 702 730 p.
732 677 828 717 31e
869 680 1101 726 servatum,
1145 677 1296 729 quibus
1339 678 1436 716 vide
1474 690 1526 718 an

54 760 219 801 tertium
257 759 425 800 accedat
461 770 485 797 e
527 757 708 798 Maximo
750 755 871 797 Conf-
909 770 949 808 p.
984 755 1066 794 198
1106 751 1249 806 Gesn„
1289 755 1361 796 ubi
1399 768 1527 808 quum

52 838 156 880 haec
173 839 322 879 verba=
352 828 462 877 ὅταν
491 833 655 875 ποθεῖν
683 847 733 875 σε
762 834 840 876 καὶ
868 833 1062 890 στέργειν
1091 831 1194 889 λέγῃ
1224 829 1348 886 γυνή,
1380 831 1530 889 φοβοῦ

51 912 159 972 παρ’
190 911 325 966 αὐτῆς
354 915 488 957 πλέον
514 903 576 954 (εἶν
604 913 717 968 λέγει
745 909 872 965 κακά,
904 915 1126 956 Socrati
1157 915 1412 964 tribuuntur,
1442 927 1526 956 non

52 997 188 1046 male,
217 1001 264 1037 ut
294 996 484 1049 equidem
515 994 683 1048 opinor,
713 995 1012 1036 Sosicratis
1042 1007 1195 1036 nomen
1223 994 1526 1035 restituendum

54 1081 99 1119 et
129 1077 253 1118 verba
281 1076 352 1116 illa
381 1077 439 1116 ita
465 1075 684 1116 scribenda
713 1087 806 1115 esse
836 1075 1081 1128 suspiceris:

275 1145 386 1196 ὅταν
414 1149 522 1206 γυνὴ
554 1152 718 1193 ποθεῖν
748 1166 798 1194 σε
826 1151 902 1193 καὶ
931 1151 1126 1208 στέργειν
1154 1149 1271 1208 λέγῃ,

280 1230 427 1290 φοβοῦ
455 1226 563 1287 παρ’
595 1228 730 1282 αὐτῆς
758 1228 920 1274 πλείον’
950 1223 1015 1273 ὦν
1042 1229 1156 1284 λέγει
1183 1223 1312 1271 κακά.

50 1314 135 1356 Sed
164 1313 217 1354 de
246 1313 327 1354 hoc
354 1313 435 1353 iam
465 1326 589 1366 supra
619 1313 827 1354 admonui.
887 1313 1086 1354 Ceterum
1124 1326 1175 1353 ex
1206 1310 1441 1352 fabularum
1470 1307 1524 1348 ti-

48 1394 146 1434 tulis
174 1390 305 1434 novoe
333 1392 471 1446 potius
501 1405 622 1444 quam
654 1392 815 1433 mediae
844 1392 1086 1433 comoediae
1115 1392 1252 1446 poetis
1270 1389 1523 1430 Sosicratem

48 1473 349 1514 accensendum
381 1485 474 1512 esse
504 1472 707 1524 suspicor.

163 1551 547 1591 THUGENIDES.
608 1551 743 1590 Huius
778 1549 911 1603 ignoti
952 1547 1045 1589 fere
1081 1551 1233 1601 poetae
1263 1548 1520 1596 memoriam,

53 1630 168 1672 euius
206 1627 242 1670 A
254 1625 480 1677 ικαστὰς
515 1630 657 1670 laudat
694 1629 842 1670 Suidas
880 1643 914 1671 s.
946 1642 985 1670 v.
1022 1623 1323 1681 τριαχθῆναι,
1363 1626 1522 1679 primus

52 1709 262 1750 revocavit
290 1709 515 1750 Piersonus
545 1709 597 1750 ad
627 1710 792 1750 Moerin
823 1722 864 1761 Ρ.
879 1709 961 1748 334
993 1721 1044 1748 ex
1073 1707 1247 1746 Polluce
1263 1706 1318 1748 VI
1349 1706 1419 1755 38,
1449 1704 1522 1745 ubi

54 1789 154 1830 editi
189 1789 284 1828 libri
314 1788 592 1841 Thucydidis,
630 1789 933 1841 Falekenburg.
976 1791 1115 1827 autem
1146 1785 1408 1838 Thugenidis
1446 1797 1522 1824 no·

51 1881 146 1908 men
175 1869 380 1921 praebuit.
439 1868 553 1908 Idem
585 1868 730 1909 vitium
761 1867 978 1920 occupavit
1007 1866 1204 1907 Photium
1235 1865 1334 1905 Lex.
1364 1878 1406 1917 p.
1421 1864 1519 1904 229.

51 1943 134 1996 Μὴ
165 1942 371 2000 νόμισονε
402 1940 504 1986 ἀντὶ
532 1945 613 1987 τοῦ
640 1944 702 2000 μὴ
733 1942 934 2001 νομίσῃς.
971 1939 1086 1985 οὕτω
1121 1939 1408 1993 Θουκυδίδης.
1467 1943 1520 1986 V.

0 2069 2 2092 ι
50 2027 282 2068 Porsonum
321 2026 373 2067 ad
402 2026 614 2080 Euripidis
643 2028 809 2069 Hecub.
854 2026 966 2066 1166
1010 2029 1054 2067 et
1093 2026 1299 2066 Zonaram
1341 2024 1442 2064 LeX.
1478 2022 1520 2063 11

0 2097 7 2147 Ι
50 2119 93 2160 p.
123 2106 249 2146 1294.

166 2183 589 2224 TlMOSTRATUS.
656 2184 793 2224 Huius
820 2188 1014 2236 quattuor
1052 2185 1427 2224 commemorantur
1455 2178 1520 2221 fa·-

0 2269 5 2296 =
53 2262 176 2302 bulae
205 2262 254 2300 ab
285 2261 557 2303 Antiatticista
586 2276 627 2316 p.
657 2264 714 2303 80
743 2263 811 2304 12.
841 2263 895 2304 81
927 2264 966 2304 1.
997 2263 1052 2303 89
1082 2262 1151 2304 23.
1184 2262 1239 2302 98
1268 2263 1310 2303 4.
1342 2256 1524 2300 ''Aom-

0 2341 4 2384 ’ἓ
57 2352 172 2391 τος,
203 2337 344 2389 Πάν,
374 2336 846 2396 ῙΙαρακαταθήκη
878 2336 1393 2392 εῑΦιλοδεσπόι-ης,
1424 2352 1526 2393 quaa

0 2433 3 2454 ε
58 2431 149 2459 rum
179 2425 344 2471 praeter
371 2421 512 2461 titulos
543 2419 646 2461 nihil
675 2421 976 2474 propemodum
1007 2426 1214 2462 servatum
1246 2425 1321 2462 est.
1381 2418 1528 2461 Tacito

0 2511 2 2533 ι
58 2495 223 2537 fabulae
251 2498 387 2541 indice
416 2500 595 2540 eundem
625 2507 791 2559 poetam
822 2500 875 2541 ad
903 2505 1043 2554 partes
1071 2504 1192 2541 vocat
1223 2499 1397 2541 Photins
1428 2500 1530 2539 Lex.

0 2575 2 2611 Ι
59 2589 94 2615 s.
116 2589 154 2616 v.
183 2572 316 2630 ζάγριι
346 2583 388 2618 et
414 2579 523 2619 idem
554 2580 626 2619 ille
643 2578 919 2621 Antiatticista
947 2593 988 2633 p.
1019 2579 1073 2620 91
1107 2579 1147 2621 1.
1177 2580 1325 2633 Neque
1345 2580 1533 2619 diversus

0 2669 1 2689 ι
57 2655 110 2694 ab
141 2654 221 2694 hoe
250 2657 496 2699 Timostrato
526 2659 655 2699 fuisse
683 2657 848 2699 videtur
882 2658 918 2700 is
948 2671 1070 2712 quem
1102 2659 1277 2700 Photius
1306 2658 1414 2698 Bibl.
1449 2656 1531 2695 167

55 2746 98 2787 p.
127 2734 214 2775 374
247 2734 354 2777 inter
383 2750 454 2778 eos
483 2744 626 2791 poetas
657 2742 870 2790 recenset,
907 2740 1057 2792 quibus
1088 2739 1294 2782 Stobaeus
1322 2749 1423 2779 usus
1454 2739 1531 2782 est,

1165 2817 1222 2857 32
1251 2817 1271 2839 *
