<?xml version="1.0" encoding="UTF-8"?>
<!DOCTYPE html PUBLIC "-//W3C//DTD XHTML 1.0 Transitional//EN"
    "http://www.w3.org/TR/xhtml1/DTD/xhtml1-transitional.dtd">
<html xmlns="http://www.w3.org/1999/xhtml" xml:lang="en" lang="en">
 <head>
  <title>
</title>
<meta http-equiv="Content-Type" content="text/html;charset=utf-8" />
  <meta name='ocr-system' content='tesseract 3.04.00' />
  <meta name='ocr-capabilities' content='ocr_page ocr_carea ocr_par ocr_line ocrx_word'/>
</head>
<body>
  <div class='ocr_page' id='page_1' title='image "./fragmentacomicor01meinuoft_0507.png"; bbox 0 0 1702 3190; ppageno 0'>
   <div class='ocr_carea' id='block_1_1' title="bbox 174 191 1499 233">
    <p class='ocr_par' dir='ltr' id='par_1_1' title="bbox 174 191 1499 233">
     <span class='ocr_line' id='line_1_1' title="bbox 174 191 1499 233; baseline 0.003 -6"><span class='ocrx_word' id='word_1_1' title='bbox 174 197 434 228; x_wconf 64' lang='lat' dir='ltr'><strong>namon-lxm.</strong></span> <span class='ocrx_word' id='word_1_2' title='bbox 493 199 745 228; x_wconf 58' lang='lat' dir='ltr'><strong>numeratus.</strong></span> <span class='ocrx_word' id='word_1_3' title='bbox 804 200 1035 229; x_wconf 73' lang='lat' dir='ltr'><strong>moxu’PUS.</strong></span> <span class='ocrx_word' id='word_1_4' title='bbox 1093 202 1351 233; x_wconf 72' lang='lat' dir='ltr'><strong>STEPHAMJS.</strong></span> <span class='ocrx_word' id='word_1_5' title='bbox 1412 191 1499 232; x_wconf 65' lang='grc'><strong>485</strong></span> 
     </span>
    </p>
   </div>
   <div class='ocr_carea' id='block_1_2' title="bbox 14 293 1499 2818">
    <p class='ocr_par' dir='ltr' id='par_1_2' title="bbox 20 293 1499 1306">
     <span class='ocr_line' id='line_1_2' title="bbox 27 293 1499 355; baseline 0.003 -16"><span class='ocrx_word' id='word_1_6' title='bbox 27 295 115 349; x_wconf 80' lang='grc' dir='ltr'><strong>κός.</strong></span> <span class='ocrx_word' id='word_1_7' title='bbox 170 298 257 339; x_wconf 75' lang='grc' dir='ltr'><strong>τῶν</strong></span> <span class='ocrx_word' id='word_1_8' title='bbox 293 293 532 354; x_wconf 76' lang='grc' dir='ltr'><em>δραμάτων</em></span> <span class='ocrx_word' id='word_1_9' title='bbox 571 293 712 340; x_wconf 74' lang='grc' dir='ltr'>αὐτοῦ</span> <span class='ocrx_word' id='word_1_10' title='bbox 753 296 829 339; x_wconf 83' lang='grc' dir='ltr'><strong>Σύ</strong></span> <span class='ocrx_word' id='word_1_11' title='bbox 845 313 1098 355; x_wconf 61' lang='grc' dir='ltr'><em>ντροᾳυι,</em></span> <span class='ocrx_word' id='word_1_12' title='bbox 1142 298 1200 350; x_wconf 76' lang='grc' dir='ltr'><strong>ὠς</strong></span> <span class='ocrx_word' id='word_1_13' title='bbox 1240 298 1499 354; x_wconf 72' lang='grc' dir='ltr'><strong>Ἀθήναιος</strong></span> 
     </span>
     <span class='ocr_line' id='line_1_3' title="bbox 26 374 1498 436; baseline 0.002 -17"><span class='ocrx_word' id='word_1_14' title='bbox 26 377 138 432; x_wconf 68' lang='grc' dir='ltr'><em>λέγει</em></span> <span class='ocrx_word' id='word_1_15' title='bbox 172 377 219 419; x_wconf 78' lang='grc' dir='ltr'><strong>ἐν</strong></span> <span class='ocrx_word' id='word_1_16' title='bbox 248 374 377 436; x_wconf 74' lang='grc' dir='ltr'><em>τρίτῳ</em></span> <span class='ocrx_word' id='word_1_17' title='bbox 416 380 486 432; x_wconf 87' lang='lat' dir='ltr'><strong>(p.</strong></span> <span class='ocrx_word' id='word_1_18' title='bbox 519 380 596 419; x_wconf 82' lang='lat'><strong>1⁰1</strong></span> <span class='ocrx_word' id='word_1_19' title='bbox 614 379 664 431; x_wconf 85' lang='lat' dir='ltr'><strong>f)</strong></span> <span class='ocrx_word' id='word_1_20' title='bbox 700 378 1111 433; x_wconf 71' lang='grc' dir='ltr'><strong>Λειπνοσοᾳιστιῦν,</strong></span> <span class='ocrx_word' id='word_1_21' title='bbox 1151 381 1225 420; x_wconf 81' lang='grc' dir='ltr'><strong>καὶ</strong></span> <span class='ocrx_word' id='word_1_22' title='bbox 1258 377 1498 422; x_wconf 70' lang='grc' dir='ltr'><em>Ἑαυτὸν</em></span> 
     </span>
     <span class='ocr_line' id='line_1_4' title="bbox 25 454 1496 514; baseline -0.003 -15"><span class='ocrx_word' id='word_1_23' title='bbox 25 455 215 499; x_wconf 71' lang='grc' dir='ltr'><em>πενθῶ</em></span> <span class='ocrx_word' id='word_1_24' title='bbox 228 471 270 507; x_wconf 89' lang='grc' dir='ltr'><strong>ν,</strong></span> <span class='ocrx_word' id='word_1_25' title='bbox 299 454 358 506; x_wconf 81' lang='grc' dir='ltr'><strong>ὠς</strong></span> <span class='ocrx_word' id='word_1_26' title='bbox 389 455 523 498; x_wconf 76' lang='grc' dir='ltr'><em>πάλιν</em></span> <span class='ocrx_word' id='word_1_27' title='bbox 552 455 576 499; x_wconf 87' lang='grc' dir='ltr'>ὁ</span> <span class='ocrx_word' id='word_1_28' title='bbox 606 454 739 507; x_wconf 80' lang='grc' dir='ltr'><em>αὐτὸς</em></span> <span class='ocrx_word' id='word_1_29' title='bbox 768 457 816 498; x_wconf 74' lang='grc' dir='ltr'><strong>ἐν</strong></span> <span class='ocrx_word' id='word_1_30' title='bbox 846 454 1055 514; x_wconf 71' lang='grc' dir='ltr'><strong>ἑνδεκάτῳ</strong></span> <span class='ocrx_word' id='word_1_31' title='bbox 1087 459 1157 513; x_wconf 76' lang='lat' dir='ltr'><strong>(p,</strong></span> <span class='ocrx_word' id='word_1_32' title='bbox 1187 463 1352 514; x_wconf 70' lang='lat'><strong>4693),</strong></span> <span class='ocrx_word' id='word_1_33' title='bbox 1411 466 1496 504; x_wconf 75' lang='lat' dir='ltr'><strong>Eu-</strong></span> 
     </span>
     <span class='ocr_line' id='line_1_5' title="bbox 25 536 1496 592; baseline -0.001 -13"><span class='ocrx_word' id='word_1_34' title='bbox 25 537 143 579; x_wconf 79' lang='lat' dir='ltr'><strong>decia</strong></span> <span class='ocrx_word' id='word_1_35' title='bbox 172 539 282 580; x_wconf 64' lang='lat' dir='ltr'><strong>Yiol.</strong></span> <span class='ocrx_word' id='word_1_36' title='bbox 315 552 355 591; x_wconf 88' lang='lat' dir='ltr'><strong>p.</strong></span> <span class='ocrx_word' id='word_1_37' title='bbox 388 539 466 578; x_wconf 84' lang='lat'><strong>131</strong></span> <span class='ocrx_word' id='word_1_38' title='bbox 500 551 581 580; x_wconf 88' lang='lat' dir='ltr'><strong>non</strong></span> <span class='ocrx_word' id='word_1_39' title='bbox 613 539 691 579; x_wconf 86' lang='lat' dir='ltr'><strong>nisi</strong></span> <span class='ocrx_word' id='word_1_40' title='bbox 719 539 856 591; x_wconf 87' lang='lat' dir='ltr'><strong>priora</strong></span> <span class='ocrx_word' id='word_1_41' title='bbox 887 540 1011 578; x_wconf 77' lang='lat' dir='ltr'><strong>verba</strong></span> <span class='ocrx_word' id='word_1_42' title='bbox 1042 539 1195 579; x_wconf 85' lang='lat' dir='ltr'><strong>habet:</strong></span> <span class='ocrx_word' id='word_1_43' title='bbox 1235 536 1496 592; x_wconf 69' lang='grc' dir='ltr'><em>Δαμόξενος,</em></span> 
     </span>
     <span class='ocr_line' id='line_1_6' title="bbox 23 611 1498 671; baseline 0.003 -15"><span class='ocrx_word' id='word_1_44' title='bbox 23 611 291 666; x_wconf 70' lang='grc' dir='ltr'><em>Ἀθηναῖος,</em></span> <span class='ocrx_word' id='word_1_45' title='bbox 320 613 518 670; x_wconf 71' lang='grc' dir='ltr'><strong>κωμικός.</strong></span> <span class='ocrx_word' id='word_1_46' title='bbox 576 619 718 658; x_wconf 74' lang='lat' dir='ltr'><strong>Novae</strong></span> <span class='ocrx_word' id='word_1_47' title='bbox 748 619 878 658; x_wconf 84' lang='lat' dir='ltr'><strong>fuisse</strong></span> <span class='ocrx_word' id='word_1_48' title='bbox 909 623 1072 671; x_wconf 83' lang='lat' dir='ltr'><strong>poetam</strong></span> <span class='ocrx_word' id='word_1_49' title='bbox 1104 620 1344 659; x_wconf 86' lang='lat' dir='ltr'><strong>comoediae</strong></span> <span class='ocrx_word' id='word_1_50' title='bbox 1375 621 1498 660; x_wconf 82' lang='lat' dir='ltr'><strong>docet.</strong></span> 
     </span>
     <span class='ocr_line' id='line_1_7' title="bbox 26 696 1498 752; baseline 0.002 -16"><span class='ocrx_word' id='word_1_51' title='bbox 26 696 164 736; x_wconf 84' lang='lat' dir='ltr'><strong>irrisio</strong></span> <span class='ocrx_word' id='word_1_52' title='bbox 194 697 365 749; x_wconf 90' lang='lat' dir='ltr'><strong>Epicuri</strong></span> <span class='ocrx_word' id='word_1_53' title='bbox 394 697 436 736; x_wconf 89' lang='lat' dir='ltr'><strong>in</strong></span> <span class='ocrx_word' id='word_1_54' title='bbox 465 697 557 735; x_wconf 93' lang='lat' dir='ltr'><strong>loco</strong></span> <span class='ocrx_word' id='word_1_55' title='bbox 588 697 697 749; x_wconf 84' lang='lat' dir='ltr'><strong>apud</strong></span> <span class='ocrx_word' id='word_1_56' title='bbox 727 696 987 737; x_wconf 78' lang='lat' dir='ltr'><strong>Athenaeum</strong></span> <span class='ocrx_word' id='word_1_57' title='bbox 1002 697 1062 736; x_wconf 88' lang='lat'><strong>111</strong></span> <span class='ocrx_word' id='word_1_58' title='bbox 1094 711 1134 750; x_wconf 87' lang='lat' dir='ltr'><strong>p.</strong></span> <span class='ocrx_word' id='word_1_59' title='bbox 1168 697 1247 737; x_wconf 84' lang='lat'><strong>101</strong></span> <span class='ocrx_word' id='word_1_60' title='bbox 1266 698 1296 739; x_wconf 88' lang='lat' dir='ltr'><strong>f.</strong></span> <span class='ocrx_word' id='word_1_61' title='bbox 1345 702 1498 752; x_wconf 76' lang='lat' dir='ltr'><strong>Quam-</strong></span> 
     </span>
     <span class='ocr_line' id='line_1_8' title="bbox 24 775 1498 829; baseline 0.003 -15"><span class='ocrx_word' id='word_1_62' title='bbox 24 787 145 827; x_wconf 77' lang='lat' dir='ltr'><strong>quam</strong></span> <span class='ocrx_word' id='word_1_63' title='bbox 177 787 301 827; x_wconf 83' lang='lat' dir='ltr'><strong>quum</strong></span> <span class='ocrx_word' id='word_1_64' title='bbox 330 776 409 814; x_wconf 87' lang='lat' dir='ltr'><strong>alio</strong></span> <span class='ocrx_word' id='word_1_65' title='bbox 439 775 531 815; x_wconf 93' lang='lat' dir='ltr'><strong>loco</strong></span> <span class='ocrx_word' id='word_1_66' title='bbox 571 776 681 828; x_wconf 85' lang='lat' dir='ltr'><strong>apud</strong></span> <span class='ocrx_word' id='word_1_67' title='bbox 705 775 968 816; x_wconf 83' lang='lat' dir='ltr'><strong>Athenaeum</strong></span> <span class='ocrx_word' id='word_1_68' title='bbox 999 777 1056 816; x_wconf 90' lang='lat' dir='ltr'><strong>Xl</strong></span> <span class='ocrx_word' id='word_1_69' title='bbox 1098 791 1138 829; x_wconf 87' lang='lat' dir='ltr'><strong>p.</strong></span> <span class='ocrx_word' id='word_1_70' title='bbox 1169 778 1253 817; x_wconf 79' lang='lat'><strong>469</strong></span> <span class='ocrx_word' id='word_1_71' title='bbox 1271 792 1307 818; x_wconf 88' lang='lat' dir='ltr'><strong>a.</strong></span> <span class='ocrx_word' id='word_1_72' title='bbox 1365 779 1498 819; x_wconf 87' lang='lat' dir='ltr'><strong>Adaei</strong></span> 
     </span>
     <span class='ocr_line' id='line_1_9' title="bbox 22 854 1496 909; baseline 0.002 -15"><span class='ocrx_word' id='word_1_73' title='bbox 22 854 276 894; x_wconf 78' lang='lat' dir='ltr'><strong>mentionem</strong></span> <span class='ocrx_word' id='word_1_74' title='bbox 330 855 507 903; x_wconf 77' lang='lat' dir='ltr'><strong>inficiat,</strong></span> <span class='ocrx_word' id='word_1_75' title='bbox 554 867 675 907; x_wconf 89' lang='lat' dir='ltr'><strong>quem</strong></span> <span class='ocrx_word' id='word_1_76' title='bbox 716 868 766 895; x_wconf 82' lang='lat' dir='ltr'><strong>ex</strong></span> <span class='ocrx_word' id='word_1_77' title='bbox 804 856 1021 896; x_wconf 82' lang='lat' dir='ltr'><strong>Athenaeo</strong></span> <span class='ocrx_word' id='word_1_78' title='bbox 1060 856 1140 895; x_wconf 85' lang='lat' dir='ltr'><strong>XII</strong></span> <span class='ocrx_word' id='word_1_79' title='bbox 1179 870 1218 909; x_wconf 88' lang='lat' dir='ltr'><strong>p.</strong></span> <span class='ocrx_word' id='word_1_80' title='bbox 1250 856 1374 897; x_wconf 74' lang='lat' dir='ltr'><strong>532e</strong></span> <span class='ocrx_word' id='word_1_81' title='bbox 1421 858 1496 897; x_wconf 90' lang='lat' dir='ltr'><strong>sub</strong></span> 
     </span>
     <span class='ocr_line' id='line_1_10' title="bbox 21 932 1496 986; baseline 0.001 -14"><span class='ocrx_word' id='word_1_82' title='bbox 21 932 216 985; x_wconf 87' lang='lat' dir='ltr'><strong>Philippo</strong></span> <span class='ocrx_word' id='word_1_83' title='bbox 246 934 450 986; x_wconf 83' lang='lat' dir='ltr'><strong>Amyntae</strong></span> <span class='ocrx_word' id='word_1_84' title='bbox 480 935 567 974; x_wconf 88' lang='lat' dir='ltr'><strong>filio</strong></span> <span class='ocrx_word' id='word_1_85' title='bbox 599 935 949 975; x_wconf 82' lang='lat' dir='ltr'><strong>mercenariorum</strong></span> <span class='ocrx_word' id='word_1_86' title='bbox 982 936 1129 975; x_wconf 83' lang='lat' dir='ltr'><strong>ducem</strong></span> <span class='ocrx_word' id='word_1_87' title='bbox 1158 935 1289 976; x_wconf 83' lang='lat' dir='ltr'><strong>fuisse</strong></span> <span class='ocrx_word' id='word_1_88' title='bbox 1320 941 1496 986; x_wconf 82' lang='lat' dir='ltr'><strong>constat,</strong></span> 
     </span>
     <span class='ocr_line' id='line_1_11' title="bbox 22 1010 1497 1069; baseline 0.003 -19"><span class='ocrx_word' id='word_1_89' title='bbox 22 1010 148 1051; x_wconf 82' lang='lat' dir='ltr'><strong>facile</strong></span> <span class='ocrx_word' id='word_1_90' title='bbox 187 1012 277 1063; x_wconf 82' lang='lat' dir='ltr'><strong>quis</strong></span> <span class='ocrx_word' id='word_1_91' title='bbox 317 1012 466 1052; x_wconf 79' lang='lat' dir='ltr'><strong>adduci</strong></span> <span class='ocrx_word' id='word_1_92' title='bbox 496 1018 660 1067; x_wconf 87' lang='lat' dir='ltr'><strong>posset,</strong></span> <span class='ocrx_word' id='word_1_93' title='bbox 696 1018 743 1054; x_wconf 84' lang='lat' dir='ltr'><strong>ut</strong></span> <span class='ocrx_word' id='word_1_94' title='bbox 772 1015 1055 1055; x_wconf 83' lang='lat' dir='ltr'><strong>Damoxenum</strong></span> <span class='ocrx_word' id='word_1_95' title='bbox 1092 1015 1269 1055; x_wconf 87' lang='lat' dir='ltr'><strong>mediam</strong></span> <span class='ocrx_word' id='word_1_96' title='bbox 1310 1016 1497 1069; x_wconf 75' lang='lat' dir='ltr'><strong>attigisse</strong></span> 
     </span>
     <span class='ocr_line' id='line_1_12' title="bbox 24 1092 1496 1144; baseline 0.001 -12"><span class='ocrx_word' id='word_1_97' title='bbox 24 1092 282 1132; x_wconf 77' lang='lat' dir='ltr'><strong>comoediam</strong></span> <span class='ocrx_word' id='word_1_98' title='bbox 312 1098 516 1134; x_wconf 85' lang='lat' dir='ltr'><strong>censeret.</strong></span> <span class='ocrx_word' id='word_1_99' title='bbox 548 1094 632 1134; x_wconf 89' lang='lat' dir='ltr'><strong>Sed</strong></span> <span class='ocrx_word' id='word_1_100' title='bbox 662 1095 849 1136; x_wconf 86' lang='lat' dir='ltr'><strong>Adaeum</strong></span> <span class='ocrx_word' id='word_1_101' title='bbox 878 1094 935 1133; x_wconf 88' lang='lat' dir='ltr'><strong>ita</strong></span> <span class='ocrx_word' id='word_1_102' title='bbox 966 1099 1285 1144; x_wconf 80' lang='lat' dir='ltr'><strong>commemorat,</strong></span> <span class='ocrx_word' id='word_1_103' title='bbox 1321 1099 1369 1134; x_wconf 85' lang='lat' dir='ltr'><strong>ut</strong></span> <span class='ocrx_word' id='word_1_104' title='bbox 1406 1098 1496 1134; x_wconf 87' lang='lat' dir='ltr'><strong>tum</strong></span> 
     </span>
     <span class='ocr_line' id='line_1_13' title="bbox 22 1170 1496 1216; baseline 0.003 -6"><span class='ocrx_word' id='word_1_105' title='bbox 22 1170 104 1210; x_wconf 83' lang='lat' dir='ltr'><strong>iam</strong></span> <span class='ocrx_word' id='word_1_106' title='bbox 134 1176 318 1212; x_wconf 89' lang='lat' dir='ltr'><strong>mortuus</strong></span> <span class='ocrx_word' id='word_1_107' title='bbox 349 1171 479 1212; x_wconf 81' lang='lat' dir='ltr'><strong>fuisse</strong></span> <span class='ocrx_word' id='word_1_108' title='bbox 510 1173 714 1216; x_wconf 79' lang='lat' dir='ltr'><strong>videatur.</strong></span> <span class='ocrx_word' id='word_1_109' title='bbox 773 1175 970 1215; x_wconf 77' lang='lat' dir='ltr'><strong>Ceterum</strong></span> <span class='ocrx_word' id='word_1_110' title='bbox 1001 1174 1137 1214; x_wconf 89' lang='lat' dir='ltr'><strong>minus</strong></span> <span class='ocrx_word' id='word_1_111' title='bbox 1166 1178 1283 1215; x_wconf 84' lang='lat' dir='ltr'><strong>recte</strong></span> <span class='ocrx_word' id='word_1_112' title='bbox 1315 1175 1496 1215; x_wconf 80' lang='lat' dir='ltr'><strong>Demo-</strong></span> 
     </span>
     <span class='ocr_line' id='line_1_14' title="bbox 20 1252 893 1306; baseline 0.003 -15"><span class='ocrx_word' id='word_1_113' title='bbox 20 1262 187 1291; x_wconf 81' lang='lat' dir='ltr'><strong>xenus</strong></span> <span class='ocrx_word' id='word_1_114' title='bbox 216 1254 387 1292; x_wconf 79' lang='lat' dir='ltr'><strong>vocatur</strong></span> <span class='ocrx_word' id='word_1_115' title='bbox 413 1252 628 1293; x_wconf 86' lang='lat' dir='ltr'><strong>Athenaeo</strong></span> <span class='ocrx_word' id='word_1_116' title='bbox 660 1254 678 1293; x_wconf 84' lang='grc' dir='ltr'>Ι</span> <span class='ocrx_word' id='word_1_117' title='bbox 708 1267 750 1306; x_wconf 90' lang='lat' dir='ltr'><strong>p.</strong></span> <span class='ocrx_word' id='word_1_118' title='bbox 781 1253 835 1293; x_wconf 85' lang='grc'><strong>15</strong></span> <span class='ocrx_word' id='word_1_119' title='bbox 853 1255 893 1294; x_wconf 89' lang='lat' dir='ltr'><strong>b.</strong></span> 
     </span>
    </p>

    <p class='ocr_par' dir='ltr' id='par_1_3' title="bbox 20 1327 1495 1465">
     <span class='ocr_line' id='line_1_15' title="bbox 132 1327 1495 1385; baseline 0.001 -15"><span class='ocrx_word' id='word_1_120' title='bbox 132 1330 484 1372; x_wconf 76' lang='lat' dir='ltr'><strong>DEMETRIUS.</strong></span> <span class='ocrx_word' id='word_1_121' title='bbox 543 1333 681 1372; x_wconf 88' lang='lat' dir='ltr'><strong>Huius</strong></span> <span class='ocrx_word' id='word_1_122' title='bbox 711 1327 1113 1385; x_wconf 60' lang='grc' dir='ltr'><strong>’.Αρὲοπαγὶτης</strong></span> <span class='ocrx_word' id='word_1_123' title='bbox 1141 1333 1334 1373; x_wconf 75' lang='lat' dir='ltr'><strong>laudatur</strong></span> <span class='ocrx_word' id='word_1_124' title='bbox 1364 1332 1495 1375; x_wconf 83' lang='lat' dir='ltr'><strong>Athe-</strong></span> 
     </span>
     <span class='ocr_line' id='line_1_16' title="bbox 20 1409 1322 1465; baseline 0.002 -15"><span class='ocrx_word' id='word_1_125' title='bbox 20 1419 125 1450; x_wconf 78' lang='lat' dir='ltr'><strong>naeo</strong></span> <span class='ocrx_word' id='word_1_126' title='bbox 156 1409 214 1449; x_wconf 89' lang='lat' dir='ltr'><strong>IX</strong></span> <span class='ocrx_word' id='word_1_127' title='bbox 243 1423 284 1462; x_wconf 89' lang='lat' dir='ltr'><strong>p.</strong></span> <span class='ocrx_word' id='word_1_128' title='bbox 314 1410 398 1449; x_wconf 80' lang='lat'><strong>405</strong></span> <span class='ocrx_word' id='word_1_129' title='bbox 411 1423 450 1452; x_wconf 87' lang='lat' dir='ltr'><strong>e.</strong></span> <span class='ocrx_word' id='word_1_130' title='bbox 506 1411 614 1453; x_wconf 75' lang='lat' dir='ltr'><strong>Vide</strong></span> <span class='ocrx_word' id='word_1_131' title='bbox 646 1426 751 1464; x_wconf 81' lang='lat' dir='ltr'><strong>quae</strong></span> <span class='ocrx_word' id='word_1_132' title='bbox 781 1425 906 1465; x_wconf 86' lang='lat' dir='ltr'><strong>supra</strong></span> <span class='ocrx_word' id='word_1_133' title='bbox 937 1412 1114 1452; x_wconf 85' lang='lat' dir='ltr'><strong>disserui</strong></span> <span class='ocrx_word' id='word_1_134' title='bbox 1146 1428 1184 1465; x_wconf 83' lang='lat' dir='ltr'><strong>p.</strong></span> <span class='ocrx_word' id='word_1_135' title='bbox 1224 1413 1322 1453; x_wconf 78' lang='lat'><strong>264.</strong></span> 
     </span>
    </p>

    <p class='ocr_par' dir='ltr' id='par_1_4' title="bbox 14 1486 1497 2497">
     <span class='ocr_line' id='line_1_17' title="bbox 133 1486 1496 1543; baseline 0.001 -15"><span class='ocrx_word' id='word_1_136' title='bbox 133 1489 453 1530; x_wconf 85' lang='lat' dir='ltr'><strong>DIOXlPPUS.</strong></span> <span class='ocrx_word' id='word_1_137' title='bbox 526 1490 699 1531; x_wconf 84' lang='lat' dir='ltr'><strong>Suidas:</strong></span> <span class='ocrx_word' id='word_1_138' title='bbox 739 1486 1001 1541; x_wconf 70' lang='grc' dir='ltr'><strong><em>Διώξιππος,</em></strong></span> <span class='ocrx_word' id='word_1_139' title='bbox 1041 1487 1316 1541; x_wconf 70' lang='grc' dir='ltr'><em>Ἀθηναῖος,</em></span> <span class='ocrx_word' id='word_1_140' title='bbox 1356 1502 1496 1543; x_wconf 73' lang='grc' dir='ltr'><em>κωμι-</em></span> 
     </span>
     <span class='ocr_line' id='line_1_18' title="bbox 21 1561 1497 1626; baseline 0.002 -21"><span class='ocrx_word' id='word_1_141' title='bbox 21 1561 108 1614; x_wconf 81' lang='grc' dir='ltr'>κός.</span> <span class='ocrx_word' id='word_1_142' title='bbox 165 1562 371 1621; x_wconf 76' lang='grc' dir='ltr'><em>δράματα</em></span> <span class='ocrx_word' id='word_1_143' title='bbox 408 1561 546 1608; x_wconf 78' lang='grc' dir='ltr'><em>αὐτοῦ</em></span> <span class='ocrx_word' id='word_1_144' title='bbox 586 1563 1165 1626; x_wconf 75' lang='grc' dir='ltr'><em>Ἀντιπορνοβοσκός,</em></span> <span class='ocrx_word' id='word_1_145' title='bbox 1212 1564 1497 1623; x_wconf 77' lang='grc' dir='ltr'><em>Φιλάργυ-</em></span> 
     </span>
     <span class='ocr_line' id='line_1_19' title="bbox 23 1641 1496 1703; baseline 0.001 -18"><span class='ocrx_word' id='word_1_146' title='bbox 23 1659 127 1701; x_wconf 78' lang='grc' dir='ltr'><strong><em>ρος,</em></strong></span> <span class='ocrx_word' id='word_1_147' title='bbox 153 1641 649 1703; x_wconf 76' lang='grc' dir='ltr'><em>Ἴστοριογράφος,</em></span> <span class='ocrx_word' id='word_1_148' title='bbox 678 1646 1181 1703; x_wconf 76' lang='grc' dir='ltr'><em>Διαόικαζόμενοι.</em></span> <span class='ocrx_word' id='word_1_149' title='bbox 1229 1649 1390 1690; x_wconf 87' lang='lat' dir='ltr'><strong>Eadem</strong></span> <span class='ocrx_word' id='word_1_150' title='bbox 1407 1650 1496 1688; x_wconf 85' lang='lat' dir='ltr'><strong>Eu-</strong></span> 
     </span>
     <span class='ocr_line' id='line_1_20' title="bbox 22 1726 1496 1784; baseline 0.001 -18"><span class='ocrx_word' id='word_1_151' title='bbox 22 1726 142 1766; x_wconf 87' lang='lat' dir='ltr'><strong>docia</strong></span> <span class='ocrx_word' id='word_1_152' title='bbox 169 1726 278 1769; x_wconf 89' lang='lat' dir='ltr'><strong>Viol.</strong></span> <span class='ocrx_word' id='word_1_153' title='bbox 307 1741 349 1780; x_wconf 87' lang='lat' dir='ltr'><strong>p.</strong></span> <span class='ocrx_word' id='word_1_154' title='bbox 381 1728 477 1778; x_wconf 73' lang='lat'>132,</span> <span class='ocrx_word' id='word_1_155' title='bbox 509 1728 588 1768; x_wconf 87' lang='lat' dir='ltr'><strong>nisi</strong></span> <span class='ocrx_word' id='word_1_156' title='bbox 618 1729 728 1781; x_wconf 87' lang='lat' dir='ltr'><strong>quod</strong></span> <span class='ocrx_word' id='word_1_157' title='bbox 756 1744 833 1783; x_wconf 91' lang='lat' dir='ltr'><strong>pro</strong></span> <span class='ocrx_word' id='word_1_158' title='bbox 866 1731 1068 1784; x_wconf 80' lang='lat' dir='ltr'><strong>Dioxippo</strong></span> <span class='ocrx_word' id='word_1_159' title='bbox 1098 1730 1333 1783; x_wconf 79' lang='lat' dir='ltr'><strong>Dexippum</strong></span> <span class='ocrx_word' id='word_1_160' title='bbox 1362 1727 1496 1767; x_wconf 84' lang='lat' dir='ltr'><strong>nomi-</strong></span> 
     </span>
     <span class='ocr_line' id='line_1_21' title="bbox 22 1806 1496 1862; baseline 0.001 -17"><span class='ocrx_word' id='word_1_161' title='bbox 22 1810 107 1847; x_wconf 84' lang='lat' dir='ltr'><strong>nat.</strong></span> <span class='ocrx_word' id='word_1_162' title='bbox 171 1807 287 1847; x_wconf 88' lang='lat' dir='ltr'><strong>Idem</strong></span> <span class='ocrx_word' id='word_1_163' title='bbox 324 1807 466 1848; x_wconf 85' lang='lat' dir='ltr'><strong>vitium</strong></span> <span class='ocrx_word' id='word_1_164' title='bbox 504 1808 673 1848; x_wconf 84' lang='lat' dir='ltr'><strong>Suidam</strong></span> <span class='ocrx_word' id='word_1_165' title='bbox 711 1810 875 1851; x_wconf 81' lang='lat' dir='ltr'><strong>obsidet</strong></span> <span class='ocrx_word' id='word_1_166' title='bbox 911 1824 946 1851; x_wconf 89' lang='lat' dir='ltr'><strong>s.</strong></span> <span class='ocrx_word' id='word_1_167' title='bbox 983 1824 1023 1850; x_wconf 89' lang='lat' dir='ltr'><strong>v.</strong></span> <span class='ocrx_word' id='word_1_168' title='bbox 1062 1808 1343 1862; x_wconf 78' lang='grc' dir='ltr'><em>Κωρυκαῖος,</em></span> <span class='ocrx_word' id='word_1_169' title='bbox 1382 1806 1496 1847; x_wconf 87' lang='lat' dir='ltr'><strong>unde</strong></span> 
     </span>
     <span class='ocr_line' id='line_1_22' title="bbox 20 1885 1494 1942; baseline 0 -16"><span class='ocrx_word' id='word_1_170' title='bbox 20 1885 235 1927; x_wconf 83' lang='lat' dir='ltr'><strong>Fabricius</strong></span> <span class='ocrx_word' id='word_1_171' title='bbox 264 1887 495 1940; x_wconf 83' lang='lat' dir='ltr'><strong>Dexippum</strong></span> <span class='ocrx_word' id='word_1_172' title='bbox 534 1888 642 1928; x_wconf 86' lang='lat' dir='ltr'><strong>inter</strong></span> <span class='ocrx_word' id='word_1_173' title='bbox 672 1890 853 1929; x_wconf 79' lang='lat' dir='ltr'><strong>comicos</strong></span> <span class='ocrx_word' id='word_1_174' title='bbox 883 1894 1028 1942; x_wconf 85' lang='lat' dir='ltr'><strong>poetas</strong></span> <span class='ocrx_word' id='word_1_175' title='bbox 1057 1889 1265 1929; x_wconf 84' lang='lat' dir='ltr'><strong>recensuit</strong></span> <span class='ocrx_word' id='word_1_176' title='bbox 1295 1887 1494 1928; x_wconf 86' lang='lat' dir='ltr'><strong>Biblioth.</strong></span> 
     </span>
     <span class='ocr_line' id='line_1_23' title="bbox 20 1960 1495 2023; baseline -0.001 -18"><span class='ocrx_word' id='word_1_177' title='bbox 20 1963 94 2006; x_wconf 77' lang='lat' dir='ltr'><strong>Gr.</strong></span> <span class='ocrx_word' id='word_1_178' title='bbox 125 1966 165 2006; x_wconf 88' lang='lat'><strong>11</strong></span> <span class='ocrx_word' id='word_1_179' title='bbox 201 1980 244 2019; x_wconf 84' lang='lat' dir='ltr'><strong>p.</strong></span> <span class='ocrx_word' id='word_1_180' title='bbox 273 1968 372 2010; x_wconf 82' lang='lat'><strong>436.</strong></span> <span class='ocrx_word' id='word_1_181' title='bbox 433 1961 994 2023; x_wconf 68' lang='grc' dir='ltr'><em>’Λντιπορνοβοσκόν</em></span> <span class='ocrx_word' id='word_1_182' title='bbox 1033 1973 1075 2010; x_wconf 86' lang='lat' dir='ltr'><strong>et</strong></span> <span class='ocrx_word' id='word_1_183' title='bbox 1110 1960 1495 2021; x_wconf 67' lang='grc' dir='ltr'><em>Ἱστοριογρά-</em></span> 
     </span>
     <span class='ocr_line' id='line_1_24' title="bbox 14 2047 1494 2100; baseline 0 -14"><span class='ocrx_word' id='word_1_184' title='bbox 14 2057 89 2099; x_wconf 75' lang='grc' dir='ltr'><strong>φο</strong></span> <span class='ocrx_word' id='word_1_185' title='bbox 101 2057 146 2098; x_wconf 88' lang='grc' dir='ltr'><strong>ν,</strong></span> <span class='ocrx_word' id='word_1_186' title='bbox 192 2060 271 2100; x_wconf 85' lang='lat' dir='ltr'><strong>qua</strong></span> <span class='ocrx_word' id='word_1_187' title='bbox 306 2049 348 2088; x_wconf 90' lang='lat' dir='ltr'><strong>in</strong></span> <span class='ocrx_word' id='word_1_188' title='bbox 385 2048 526 2088; x_wconf 86' lang='lat' dir='ltr'><strong>fabula</strong></span> <span class='ocrx_word' id='word_1_189' title='bbox 554 2048 768 2088; x_wconf 83' lang='lat' dir='ltr'><strong>fabulosos</strong></span> <span class='ocrx_word' id='word_1_190' title='bbox 798 2048 1021 2088; x_wconf 86' lang='lat' dir='ltr'><strong>historicos</strong></span> <span class='ocrx_word' id='word_1_191' title='bbox 1050 2048 1214 2089; x_wconf 85' lang='lat' dir='ltr'><strong>rississe</strong></span> <span class='ocrx_word' id='word_1_192' title='bbox 1244 2047 1494 2099; x_wconf 81' lang='lat' dir='ltr'><strong>Dioxippum</strong></span> 
     </span>
     <span class='ocr_line' id='line_1_25' title="bbox 24 2125 1493 2180; baseline 0 -14"><span class='ocrx_word' id='word_1_193' title='bbox 24 2125 60 2167; x_wconf 81' lang='lat' dir='ltr'><strong>l.</strong></span> <span class='ocrx_word' id='word_1_194' title='bbox 79 2126 281 2168; x_wconf 49' lang='lat' dir='ltr'><strong>cavo-sii</strong></span> <span class='ocrx_word' id='word_1_195' title='bbox 309 2126 421 2166; x_wconf 85' lang='lat' dir='ltr'><strong>Hist.</strong></span> <span class='ocrx_word' id='word_1_196' title='bbox 451 2140 590 2180; x_wconf 83' lang='lat' dir='ltr'><strong>graec.</strong></span> <span class='ocrx_word' id='word_1_197' title='bbox 621 2128 682 2167; x_wconf 80' lang='lat'><strong>111</strong></span> <span class='ocrx_word' id='word_1_198' title='bbox 720 2141 762 2180; x_wconf 89' lang='lat' dir='ltr'><strong>p.</strong></span> <span class='ocrx_word' id='word_1_199' title='bbox 801 2128 883 2168; x_wconf 85' lang='lat'><strong>359</strong></span> <span class='ocrx_word' id='word_1_200' title='bbox 915 2128 1154 2168; x_wconf 86' lang='lat' dir='ltr'><strong>coniectura</strong></span> <span class='ocrx_word' id='word_1_201' title='bbox 1184 2131 1260 2175; x_wconf 86' lang='lat' dir='ltr'><strong>est,</strong></span> <span class='ocrx_word' id='word_1_202' title='bbox 1291 2126 1493 2166; x_wconf 83' lang='lat' dir='ltr'><strong>habemus</strong></span> 
     </span>
     <span class='ocr_line' id='line_1_26' title="bbox 22 2187 1494 2259; baseline 0.002 -16"><span class='ocrx_word' id='word_1_203' title='bbox 22 2204 134 2256; x_wconf 84' lang='lat' dir='ltr'><strong>apud</strong></span> <span class='ocrx_word' id='word_1_204' title='bbox 172 2205 432 2245; x_wconf 79' lang='lat' dir='ltr'><strong>Athenaeum</strong></span> <span class='ocrx_word' id='word_1_205' title='bbox 470 2205 531 2245; x_wconf 88' lang='lat'><strong>111</strong></span> <span class='ocrx_word' id='word_1_206' title='bbox 566 2218 611 2258; x_wconf 87' lang='lat' dir='ltr'><strong>p.</strong></span> <span class='ocrx_word' id='word_1_207' title='bbox 640 2206 724 2245; x_wconf 82' lang='lat' dir='ltr'><strong>loo</strong></span> <span class='ocrx_word' id='word_1_208' title='bbox 740 2220 778 2247; x_wconf 90' lang='lat' dir='ltr'><strong>e.</strong></span> <span class='ocrx_word' id='word_1_209' title='bbox 850 2201 1207 2259; x_wconf 76' lang='grc' dir='ltr'><em>Φιλάργυρον</em></span> <span class='ocrx_word' id='word_1_210' title='bbox 1231 2187 1402 2244; x_wconf 77' lang='lat' dir='ltr'><strong>ibidem</strong></span> <span class='ocrx_word' id='word_1_211' title='bbox 1432 2203 1494 2246; x_wconf 87' lang='lat' dir='ltr'><strong>IX</strong></span> 
     </span>
     <span class='ocr_line' id='line_1_27' title="bbox 24 2280 1492 2339; baseline 0.001 -17"><span class='ocrx_word' id='word_1_212' title='bbox 24 2294 69 2336; x_wconf 89' lang='lat' dir='ltr'><strong>p.</strong></span> <span class='ocrx_word' id='word_1_213' title='bbox 98 2283 180 2323; x_wconf 78' lang='lat'><strong>472</strong></span> <span class='ocrx_word' id='word_1_214' title='bbox 198 2283 237 2324; x_wconf 89' lang='lat' dir='ltr'><strong>b.</strong></span> <span class='ocrx_word' id='word_1_215' title='bbox 265 2284 350 2324; x_wconf 80' lang='lat'><strong>496</strong></span> <span class='ocrx_word' id='word_1_216' title='bbox 367 2284 402 2325; x_wconf 86' lang='lat' dir='ltr'><strong>f.</strong></span> <span class='ocrx_word' id='word_1_217' title='bbox 429 2284 514 2324; x_wconf 75' lang='lat'><strong>502</strong></span> <span class='ocrx_word' id='word_1_218' title='bbox 529 2284 569 2325; x_wconf 82' lang='lat' dir='ltr'><strong>d.</strong></span> <span class='ocrx_word' id='word_1_219' title='bbox 605 2280 898 2339; x_wconf 82' lang='grc' dir='ltr'><em>Θησαυρὸν</em></span> <span class='ocrx_word' id='word_1_220' title='bbox 927 2285 1038 2339; x_wconf 83' lang='lat' dir='ltr'><strong>apud</strong></span> <span class='ocrx_word' id='word_1_221' title='bbox 1069 2285 1264 2325; x_wconf 87' lang='lat' dir='ltr'><strong>Photium</strong></span> <span class='ocrx_word' id='word_1_222' title='bbox 1280 2299 1321 2338; x_wconf 85' lang='lat' dir='ltr'><strong>p.</strong></span> <span class='ocrx_word' id='word_1_223' title='bbox 1338 2285 1420 2324; x_wconf 88' lang='grc'><strong>199</strong></span> <span class='ocrx_word' id='word_1_224' title='bbox 1450 2286 1492 2325; x_wconf 86' lang='grc'><strong>6.</strong></span> 
     </span>
     <span class='ocr_line' id='line_1_28' title="bbox 27 2357 1494 2418; baseline 0.003 -16"><span class='ocrx_word' id='word_1_225' title='bbox 27 2357 503 2416; x_wconf 79' lang='grc' dir='ltr'><em>Διαδικαζομένων</em></span> <span class='ocrx_word' id='word_1_226' title='bbox 530 2363 720 2413; x_wconf 82' lang='lat' dir='ltr'><strong>fabulae,</strong></span> <span class='ocrx_word' id='word_1_227' title='bbox 751 2378 871 2417; x_wconf 85' lang='lat' dir='ltr'><strong>quam</strong></span> <span class='ocrx_word' id='word_1_228' title='bbox 902 2364 1117 2418; x_wconf 83' lang='lat' dir='ltr'><strong>probabile</strong></span> <span class='ocrx_word' id='word_1_229' title='bbox 1146 2368 1210 2404; x_wconf 88' lang='lat' dir='ltr'><strong>est</strong></span> <span class='ocrx_word' id='word_1_230' title='bbox 1241 2365 1411 2406; x_wconf 88' lang='lat' dir='ltr'><strong>Suidam</strong></span> <span class='ocrx_word' id='word_1_231' title='bbox 1441 2376 1494 2406; x_wconf 76' lang='lat' dir='ltr'><strong>ex</strong></span> 
     </span>
     <span class='ocr_line' id='line_1_29' title="bbox 27 2440 1280 2497; baseline 0.002 -14"><span class='ocrx_word' id='word_1_232' title='bbox 27 2440 242 2483; x_wconf 74' lang='lat' dir='ltr'><strong>Athenaeo</strong></span> <span class='ocrx_word' id='word_1_233' title='bbox 270 2444 455 2496; x_wconf 82' lang='lat' dir='ltr'><strong>petiisse,</strong></span> <span class='ocrx_word' id='word_1_234' title='bbox 484 2444 643 2483; x_wconf 86' lang='lat' dir='ltr'><strong>nullum</strong></span> <span class='ocrx_word' id='word_1_235' title='bbox 671 2443 798 2484; x_wconf 86' lang='lat' dir='ltr'><strong>hodie</strong></span> <span class='ocrx_word' id='word_1_236' title='bbox 827 2444 1046 2497; x_wconf 81' lang='lat' dir='ltr'><strong>vestigium</strong></span> <span class='ocrx_word' id='word_1_237' title='bbox 1077 2449 1280 2496; x_wconf 85' lang='lat' dir='ltr'><strong>superest.</strong></span> 
     </span>
    </p>

    <p class='ocr_par' dir='ltr' id='par_1_5' title="bbox 26 2521 1492 2818">
     <span class='ocr_line' id='line_1_30' title="bbox 136 2521 1492 2577; baseline 0.001 -15"><span class='ocrx_word' id='word_1_238' title='bbox 136 2521 494 2572; x_wconf 83' lang='lat' dir='ltr'><strong>STEPHANUS,</strong></span> <span class='ocrx_word' id='word_1_239' title='bbox 527 2523 772 2576; x_wconf 83' lang='lat' dir='ltr'><strong>Antiphanis</strong></span> <span class='ocrx_word' id='word_1_240' title='bbox 802 2528 873 2564; x_wconf 84' lang='lat' dir='ltr'><strong>aut</strong></span> <span class='ocrx_word' id='word_1_241' title='bbox 901 2523 1085 2566; x_wconf 84' lang='lat' dir='ltr'><strong>Alexidis</strong></span> <span class='ocrx_word' id='word_1_242' title='bbox 1124 2523 1247 2564; x_wconf 82' lang='lat' dir='ltr'><strong>filius.</strong></span> <span class='ocrx_word' id='word_1_243' title='bbox 1284 2525 1335 2566; x_wconf 92' lang='lat' dir='ltr'><strong>V.</strong></span> <span class='ocrx_word' id='word_1_244' title='bbox 1366 2537 1492 2577; x_wconf 76' lang='lat' dir='ltr'><strong>supra</strong></span> 
     </span>
     <span class='ocr_line' id='line_1_31' title="bbox 27 2599 1489 2657; baseline 0.002 -18"><span class='ocrx_word' id='word_1_245' title='bbox 27 2599 180 2652; x_wconf 77' lang='lat' dir='ltr'><strong>p.376.</strong></span> <span class='ocrx_word' id='word_1_246' title='bbox 213 2600 319 2642; x_wconf 84' lang='lat' dir='ltr'><strong>Illud</strong></span> <span class='ocrx_word' id='word_1_247' title='bbox 334 2602 587 2655; x_wconf 82' lang='lat' dir='ltr'><strong>probabilius</strong></span> <span class='ocrx_word' id='word_1_248' title='bbox 611 2604 774 2643; x_wconf 69' lang='lat' dir='ltr'><strong>videtur</strong></span> <span class='ocrx_word' id='word_1_249' title='bbox 793 2608 965 2657; x_wconf 81' lang='lat' dir='ltr'><strong>propter</strong></span> <span class='ocrx_word' id='word_1_250' title='bbox 988 2617 1036 2644; x_wconf 87' lang='lat' dir='ltr'><strong>ea</strong></span> <span class='ocrx_word' id='word_1_251' title='bbox 1052 2616 1157 2656; x_wconf 81' lang='lat' dir='ltr'><strong>quae</strong></span> <span class='ocrx_word' id='word_1_252' title='bbox 1181 2603 1307 2644; x_wconf 82' lang='lat' dir='ltr'><strong>tradit</strong></span> <span class='ocrx_word' id='word_1_253' title='bbox 1321 2604 1489 2655; x_wconf 76' lang='lat' dir='ltr'><strong>Anony-</strong></span> 
     </span>
     <span class='ocr_line' id='line_1_32' title="bbox 26 2679 1488 2736; baseline -0.001 -16"><span class='ocrx_word' id='word_1_254' title='bbox 26 2691 120 2720; x_wconf 75' lang='lat' dir='ltr'><strong>mue</strong></span> <span class='ocrx_word' id='word_1_255' title='bbox 151 2680 204 2720; x_wconf 88' lang='lat' dir='ltr'><strong>de</strong></span> <span class='ocrx_word' id='word_1_256' title='bbox 240 2682 356 2722; x_wconf 83' lang='lat' dir='ltr'><strong>Com.</strong></span> <span class='ocrx_word' id='word_1_257' title='bbox 386 2695 427 2735; x_wconf 84' lang='lat' dir='ltr'><strong>p.</strong></span> <span class='ocrx_word' id='word_1_258' title='bbox 454 2681 573 2724; x_wconf 84' lang='lat' dir='ltr'><strong>XXX</strong></span> <span class='ocrx_word' id='word_1_259' title='bbox 603 2683 657 2723; x_wconf 88' lang='lat' dir='ltr'><strong>de</strong></span> <span class='ocrx_word' id='word_1_260' title='bbox 685 2683 922 2736; x_wconf 84' lang='lat' dir='ltr'><strong>Antiphane</strong></span> <span class='ocrx_word' id='word_1_261' title='bbox 951 2684 1177 2724; x_wconf 76' lang='lat' dir='ltr'><strong>disserens:</strong></span> <span class='ocrx_word' id='word_1_262' title='bbox 1215 2681 1301 2722; x_wconf 73' lang='grc' dir='ltr'><em>τιὸ-ν</em></span> <span class='ocrx_word' id='word_1_263' title='bbox 1331 2679 1377 2720; x_wconf 81' lang='grc' dir='ltr'><strong>δὲ</strong></span> <span class='ocrx_word' id='word_1_264' title='bbox 1407 2694 1488 2720; x_wconf 85' lang='grc' dir='ltr'><strong>κω-</strong></span> 
     </span>
     <span class='ocr_line' id='line_1_33' title="bbox 27 2754 1490 2818; baseline 0.003 -22"><span class='ocrx_word' id='word_1_265' title='bbox 27 2754 195 2814; x_wconf 71' lang='grc' dir='ltr'><em>κῳδιῶν</em></span> <span class='ocrx_word' id='word_1_266' title='bbox 223 2771 347 2808; x_wconf 83' lang='grc' dir='ltr'><em>τινας</em></span> <span class='ocrx_word' id='word_1_267' title='bbox 374 2761 450 2802; x_wconf 82' lang='grc' dir='ltr'><strong>καὶ</strong></span> <span class='ocrx_word' id='word_1_268' title='bbox 479 2757 746 2818; x_wconf 66' lang='grc' dir='ltr'><em>ὁΣτέᾳανος</em></span> <span class='ocrx_word' id='word_1_269' title='bbox 774 2759 987 2814; x_wconf 72' lang='grc' dir='ltr'><em>ἐδίδαξεν.</em></span> <span class='ocrx_word' id='word_1_270' title='bbox 1017 2766 1173 2806; x_wconf 88' lang='lat' dir='ltr'><strong>Auctor</strong></span> <span class='ocrx_word' id='word_1_271' title='bbox 1202 2763 1284 2803; x_wconf 76' lang='lat' dir='ltr'><strong>fuit</strong></span> <span class='ocrx_word' id='word_1_272' title='bbox 1314 2761 1490 2802; x_wconf 86' lang='lat' dir='ltr'><strong>Philo-</strong></span> 
     </span>
    </p>
   </div>
  </div>
 </body>
</html>
