<?xml version="1.0" encoding="UTF-8"?>
<!DOCTYPE html PUBLIC "-//W3C//DTD XHTML 1.0 Transitional//EN"
    "http://www.w3.org/TR/xhtml1/DTD/xhtml1-transitional.dtd">
<html xmlns="http://www.w3.org/1999/xhtml" xml:lang="en" lang="en">
 <head>
  <title>
</title>
<meta http-equiv="Content-Type" content="text/html;charset=utf-8" />
  <meta name='ocr-system' content='tesseract 3.04.00' />
  <meta name='ocr-capabilities' content='ocr_page ocr_carea ocr_par ocr_line ocrx_word'/>
</head>
<body>
  <div class='ocr_page' id='page_1' title='image "./fragmentacomicor01meinuoft_0334.png"; bbox 0 0 1702 3190; ppageno 0'>
   <div class='ocr_carea' id='block_1_1' title="bbox 241 189 1109 230">
    <p class='ocr_par' dir='ltr' id='par_1_1' title="bbox 241 189 1109 230">
     <span class='ocr_line' id='line_1_1' title="bbox 241 189 1109 230; baseline -0.006 0"><span class='ocrx_word' id='word_1_1' title='bbox 241 189 326 230; x_wconf 72' lang='lat'><strong>312</strong></span> <span class='ocrx_word' id='word_1_2' title='bbox 835 194 1109 228; x_wconf 68' lang='lat' dir='ltr'><strong>ANTIPHANES.</strong></span> 
     </span>
    </p>
   </div>
   <div class='ocr_carea' id='block_1_2' title="bbox 242 288 1702 2751">
    <p class='ocr_par' dir='ltr' id='par_1_2' title="bbox 242 288 1702 2751">
     <span class='ocr_line' id='line_1_2' title="bbox 242 288 1698 360; baseline -0.001 -21"><span class='ocrx_word' id='word_1_3' title='bbox 242 300 377 345; x_wconf 73' lang='grc' dir='ltr'><strong><em>πιεῖν,</em></strong></span> <span class='ocrx_word' id='word_1_4' title='bbox 412 288 696 336; x_wconf 75' lang='grc' dir='ltr'><strong><em>κατεναντίον</em></strong></span> <span class='ocrx_word' id='word_1_5' title='bbox 729 291 790 351; x_wconf 74' lang='grc' dir='ltr'><strong>τῷ</strong></span> <span class='ocrx_word' id='word_1_6' title='bbox 818 292 1030 350; x_wconf 76' lang='grc' dir='ltr'><strong><em>λεγομένῳ</em></strong></span> <span class='ocrx_word' id='word_1_7' title='bbox 1059 292 1294 352; x_wconf 75' lang='grc' dir='ltr'><strong><em>βομβυλιῷ.</em></strong></span> <span class='ocrx_word' id='word_1_8' title='bbox 1357 297 1497 340; x_wconf 86' lang='lat' dir='ltr'><strong>Minus</strong></span> <span class='ocrx_word' id='word_1_9' title='bbox 1535 300 1698 360; x_wconf 64' lang='lat' dir='ltr'><strong>certum⁸</strong></span> 
     </span>
     <span class='ocr_line' id='line_1_3' title="bbox 244 374 1688 429; baseline 0.001 -13"><span class='ocrx_word' id='word_1_10' title='bbox 244 376 342 429; x_wconf 88' lang='lat' dir='ltr'><strong>quid</strong></span> <span class='ocrx_word' id='word_1_11' title='bbox 377 374 614 415; x_wconf 84' lang='lat' dir='ltr'><strong>Scleriis</strong></span> <span class='ocrx_word' id='word_1_12' title='bbox 650 374 882 414; x_wconf 79' lang='lat' dir='ltr'><strong>faciendum</strong></span> <span class='ocrx_word' id='word_1_13' title='bbox 911 375 961 414; x_wconf 84' lang='lat' dir='ltr'><strong>ab</strong></span> <span class='ocrx_word' id='word_1_14' title='bbox 990 374 1202 415; x_wconf 82' lang='lat' dir='ltr'><strong>Athenaeo</strong></span> <span class='ocrx_word' id='word_1_15' title='bbox 1234 374 1273 414; x_wconf 88' lang='lat'><strong>11</strong></span> <span class='ocrx_word' id='word_1_16' title='bbox 1307 387 1349 427; x_wconf 84' lang='lat' dir='ltr'><strong>p.</strong></span> <span class='ocrx_word' id='word_1_17' title='bbox 1376 374 1473 415; x_wconf 63' lang='lat'><strong>7711</strong></span> <span class='ocrx_word' id='word_1_18' title='bbox 1509 374 1688 417; x_wconf 61' lang='lat' dir='ltr'><strong>laudatis}</strong></span> 
     </span>
     <span class='ocr_line' id='line_1_4' title="bbox 246 451 1691 503; baseline -0.002 -9"><span class='ocrx_word' id='word_1_19' title='bbox 246 454 511 495; x_wconf 80' lang='lat' dir='ltr'><strong>casaubonus</strong></span> <span class='ocrx_word' id='word_1_20' title='bbox 552 453 736 503; x_wconf 88' lang='lat' dir='ltr'><strong>quidem,</strong></span> <span class='ocrx_word' id='word_1_21' title='bbox 778 453 846 503; x_wconf 85' lang='lat' dir='ltr'><strong>qui</strong></span> <span class='ocrx_word' id='word_1_22' title='bbox 882 466 927 492; x_wconf 87' lang='lat' dir='ltr'><strong>se</strong></span> <span class='ocrx_word' id='word_1_23' title='bbox 965 453 1129 493; x_wconf 86' lang='lat' dir='ltr'><strong>titulum</strong></span> <span class='ocrx_word' id='word_1_24' title='bbox 1164 451 1330 491; x_wconf 87' lang='lat' dir='ltr'><strong>fabulae</strong></span> <span class='ocrx_word' id='word_1_25' title='bbox 1367 452 1435 492; x_wconf 87' lang='lat' dir='ltr'><strong>diu</strong></span> <span class='ocrx_word' id='word_1_26' title='bbox 1465 451 1518 491; x_wconf 87' lang='lat' dir='ltr'><strong>de</strong></span> <span class='ocrx_word' id='word_1_27' title='bbox 1545 451 1691 501; x_wconf 63' lang='lat' dir='ltr'><strong>mendo</strong></span> 
     </span>
     <span class='ocr_line' id='line_1_5' title="bbox 247 529 1693 583; baseline -0.001 -12"><span class='ocrx_word' id='word_1_28' title='bbox 247 533 483 583; x_wconf 70' lang='lat' dir='ltr'><strong>suspectum</strong></span> <span class='ocrx_word' id='word_1_29' title='bbox 510 529 700 570; x_wconf 83' lang='lat' dir='ltr'><strong>habuisse</strong></span> <span class='ocrx_word' id='word_1_30' title='bbox 732 531 850 579; x_wconf 88' lang='lat' dir='ltr'><strong>dicit,</strong></span> <span class='ocrx_word' id='word_1_31' title='bbox 892 535 1033 583; x_wconf 81' lang='lat' dir='ltr'><strong>postea</strong></span> <span class='ocrx_word' id='word_1_32' title='bbox 1070 534 1206 570; x_wconf 86' lang='lat' dir='ltr'><strong>autem</strong></span> <span class='ocrx_word' id='word_1_33' title='bbox 1231 530 1378 568; x_wconf 81' lang='lat' dir='ltr'>incerti</span> <span class='ocrx_word' id='word_1_34' title='bbox 1406 533 1552 581; x_wconf 85' lang='lat' dir='ltr'><strong>poetae</strong></span> <span class='ocrx_word' id='word_1_35' title='bbox 1577 529 1693 569; x_wconf 63' lang='lat' dir='ltr'><strong>faba·-</strong></span> 
     </span>
     <span class='ocr_line' id='line_1_6' title="bbox 247 606 1692 660; baseline -0.003 -11"><span class='ocrx_word' id='word_1_36' title='bbox 247 610 328 649; x_wconf 89' lang='lat' dir='ltr'><strong>lam</strong></span> <span class='ocrx_word' id='word_1_37' title='bbox 368 607 601 648; x_wconf 88' lang='lat' dir='ltr'><strong>Sclerias</strong></span> <span class='ocrx_word' id='word_1_38' title='bbox 637 607 766 647; x_wconf 83' lang='lat' dir='ltr'><strong>tribus</strong></span> <span class='ocrx_word' id='word_1_39' title='bbox 794 608 894 647; x_wconf 85' lang='lat' dir='ltr'><strong>locis</strong></span> <span class='ocrx_word' id='word_1_40' title='bbox 924 609 1031 660; x_wconf 89' lang='lat' dir='ltr'><strong>apud</strong></span> <span class='ocrx_word' id='word_1_41' title='bbox 1070 609 1290 648; x_wconf 88' lang='lat' dir='ltr'><strong>Stobaeum</strong></span> <span class='ocrx_word' id='word_1_42' title='bbox 1318 607 1553 660; x_wconf 83' lang='lat' dir='ltr'><strong>repperisse</strong></span> <span class='ocrx_word' id='word_1_43' title='bbox 1582 606 1692 645; x_wconf 82' lang='lat' dir='ltr'><strong>affir-</strong></span> 
     </span>
     <span class='ocr_line' id='line_1_7' title="bbox 247 683 1693 738; baseline -0.003 -11"><span class='ocrx_word' id='word_1_44' title='bbox 247 689 353 735; x_wconf 84' lang='lat' dir='ltr'><strong>mat,</strong></span> <span class='ocrx_word' id='word_1_45' title='bbox 396 685 563 738; x_wconf 81' lang='lat' dir='ltr'><strong>egregie</strong></span> <span class='ocrx_word' id='word_1_46' title='bbox 601 684 768 726; x_wconf 85' lang='lat' dir='ltr'><strong>fallitur.</strong></span> <span class='ocrx_word' id='word_1_47' title='bbox 832 687 997 726; x_wconf 84' lang='lat' dir='ltr'><strong>Stobaei</strong></span> <span class='ocrx_word' id='word_1_48' title='bbox 1037 685 1212 726; x_wconf 88' lang='lat' dir='ltr'><strong>Sclerias</strong></span> <span class='ocrx_word' id='word_1_49' title='bbox 1248 698 1329 724; x_wconf 92' lang='lat' dir='ltr'><strong>non</strong></span> <span class='ocrx_word' id='word_1_50' title='bbox 1367 685 1529 724; x_wconf 88' lang='lat' dir='ltr'><strong>fabulae</strong></span> <span class='ocrx_word' id='word_1_51' title='bbox 1554 683 1693 723; x_wconf 72' lang='lat' dir='ltr'><strong>titulus</strong></span> 
     </span>
     <span class='ocr_line' id='line_1_8' title="bbox 248 761 1698 813; baseline -0.001 -9"><span class='ocrx_word' id='word_1_52' title='bbox 248 769 310 804; x_wconf 83' lang='lat' dir='ltr'><strong>est</strong></span> <span class='ocrx_word' id='word_1_53' title='bbox 339 763 413 804; x_wconf 87' lang='lat' dir='ltr'><strong>sed</strong></span> <span class='ocrx_word' id='word_1_54' title='bbox 442 774 590 801; x_wconf 86' lang='lat' dir='ltr'><strong>nomen</strong></span> <span class='ocrx_word' id='word_1_55' title='bbox 619 767 767 813; x_wconf 87' lang='lat' dir='ltr'><strong>poetae</strong></span> <span class='ocrx_word' id='word_1_56' title='bbox 798 763 1030 813; x_wconf 78' lang='lat' dir='ltr'><strong>Tarentini,</strong></span> <span class='ocrx_word' id='word_1_57' title='bbox 1060 763 1297 804; x_wconf 88' lang='lat' dir='ltr'><strong>comoediae</strong></span> <span class='ocrx_word' id='word_1_58' title='bbox 1326 762 1490 802; x_wconf 76' lang='lat' dir='ltr'><strong>italicae</strong></span> <span class='ocrx_word' id='word_1_59' title='bbox 1521 761 1698 803; x_wconf 69' lang='lat' dir='ltr'><strong>auctoris</strong></span> 
     </span>
     <span class='ocr_line' id='line_1_9' title="bbox 250 836 1698 893; baseline -0.001 -13"><span class='ocrx_word' id='word_1_60' title='bbox 250 841 417 880; x_wconf 87' lang='lat' dir='ltr'><strong>minime</strong></span> <span class='ocrx_word' id='word_1_61' title='bbox 453 840 629 880; x_wconf 79' lang='lat' dir='ltr'><strong>obscuri.</strong></span> <span class='ocrx_word' id='word_1_62' title='bbox 685 840 736 881; x_wconf 89' lang='lat' dir='ltr'><strong>V.</strong></span> <span class='ocrx_word' id='word_1_63' title='bbox 765 840 962 893; x_wconf 85' lang='lat' dir='ltr'><strong>Florileg.</strong></span> <span class='ocrx_word' id='word_1_64' title='bbox 993 842 1032 880; x_wconf 92' lang='lat' dir='ltr'><strong>II</strong></span> <span class='ocrx_word' id='word_1_65' title='bbox 1062 842 1102 881; x_wconf 84' lang='lat'><strong>9.</strong></span> <span class='ocrx_word' id='word_1_66' title='bbox 1146 841 1284 882; x_wconf 88' lang='lat' dir='ltr'>XVIII</span> <span class='ocrx_word' id='word_1_67' title='bbox 1314 841 1354 880; x_wconf 76' lang='lat'><strong>2.</strong></span> <span class='ocrx_word' id='word_1_68' title='bbox 1390 840 1485 879; x_wconf 89' lang='lat' dir='ltr'>CIII</span> <span class='ocrx_word' id='word_1_69' title='bbox 1515 840 1555 879; x_wconf 89' lang='grc'><strong>9.</strong></span> <span class='ocrx_word' id='word_1_70' title='bbox 1613 836 1698 879; x_wconf 56' lang='grc' dir='ltr'><strong>ΒΘ(-</strong></span> 
     </span>
     <span class='ocr_line' id='line_1_10' title="bbox 250 911 1698 971; baseline -0.003 -13"><span class='ocrx_word' id='word_1_71' title='bbox 250 919 354 958; x_wconf 89' lang='lat' dir='ltr'><strong>ctius</strong></span> <span class='ocrx_word' id='word_1_72' title='bbox 370 917 642 969; x_wconf 87' lang='lat' dir='ltr'><strong>Antiphanem</strong></span> <span class='ocrx_word' id='word_1_73' title='bbox 659 914 703 954; x_wconf 89' lang='grc' dir='ltr'><em>Σ</em></span> <span class='ocrx_word' id='word_1_74' title='bbox 707 911 766 955; x_wconf 84' lang='grc' dir='ltr'><strong>κύ</strong></span> <span class='ocrx_word' id='word_1_75' title='bbox 779 930 894 971; x_wconf 61' lang='lat' dir='ltr'><strong>(nac</strong></span> <span class='ocrx_word' id='word_1_76' title='bbox 922 918 1086 959; x_wconf 87' lang='lat' dir='ltr'><strong>fabulae</strong></span> <span class='ocrx_word' id='word_1_77' title='bbox 1114 919 1276 957; x_wconf 90' lang='lat' dir='ltr'><strong>titulum</strong></span> <span class='ocrx_word' id='word_1_78' title='bbox 1297 917 1446 956; x_wconf 81' lang='lat' dir='ltr'><strong>fecisse</strong></span> <span class='ocrx_word' id='word_1_79' title='bbox 1467 915 1698 968; x_wconf 84' lang='lat' dir='ltr'><strong>suspiceris,</strong></span> 
     </span>
     <span class='ocr_line' id='line_1_11' title="bbox 251 993 1698 1046; baseline -0.002 -12"><span class='ocrx_word' id='word_1_80' title='bbox 251 1007 331 1046; x_wconf 91' lang='lat' dir='ltr'><strong>quo</strong></span> <span class='ocrx_word' id='word_1_81' title='bbox 360 995 525 1034; x_wconf 89' lang='lat' dir='ltr'><strong>nomine</strong></span> <span class='ocrx_word' id='word_1_82' title='bbox 541 994 757 1046; x_wconf 81' lang='lat' dir='ltr'><strong>Sophoclis</strong></span> <span class='ocrx_word' id='word_1_83' title='bbox 786 995 1048 1046; x_wconf 84' lang='lat' dir='ltr'><strong>etEuripidis</strong></span> <span class='ocrx_word' id='word_1_84' title='bbox 1063 995 1304 1035; x_wconf 84' lang='lat' dir='ltr'><strong>ferebantur</strong></span> <span class='ocrx_word' id='word_1_85' title='bbox 1320 993 1568 1046; x_wconf 82' lang='lat' dir='ltr'><strong>tragoediae,</strong></span> <span class='ocrx_word' id='word_1_86' title='bbox 1599 1004 1698 1043; x_wconf 84' lang='lat' dir='ltr'><strong>qua-</strong></span> 
     </span>
     <span class='ocr_line' id='line_1_12' title="bbox 247 1069 1698 1124; baseline -0.003 -12"><span class='ocrx_word' id='word_1_87' title='bbox 247 1085 342 1112; x_wconf 79' lang='lat' dir='ltr'><strong>rum</strong></span> <span class='ocrx_word' id='word_1_88' title='bbox 373 1076 656 1124; x_wconf 81' lang='lat' dir='ltr'><strong>argumentum</strong></span> <span class='ocrx_word' id='word_1_89' title='bbox 686 1072 737 1111; x_wconf 88' lang='lat' dir='ltr'><strong>ad</strong></span> <span class='ocrx_word' id='word_1_90' title='bbox 767 1073 970 1114; x_wconf 88' lang='lat' dir='ltr'><strong>Achillem</strong></span> <span class='ocrx_word' id='word_1_91' title='bbox 1009 1073 1119 1112; x_wconf 89' lang='lat' dir='ltr'><strong>inter</strong></span> <span class='ocrx_word' id='word_1_92' title='bbox 1158 1072 1264 1110; x_wconf 88' lang='lat' dir='ltr'><strong>filias</strong></span> <span class='ocrx_word' id='word_1_93' title='bbox 1294 1070 1537 1124; x_wconf 82' lang='lat' dir='ltr'><strong>Lycomedis</strong></span> <span class='ocrx_word' id='word_1_94' title='bbox 1566 1069 1698 1122; x_wconf 70' lang='lat' dir='ltr'><strong>Scyrss</strong></span> 
     </span>
     <span class='ocr_line' id='line_1_13' title="bbox 251 1148 1699 1200; baseline -0.001 -11"><span class='ocrx_word' id='word_1_95' title='bbox 251 1150 563 1189; x_wconf 86' lang='lat' dir='ltr'><strong>delitescentem</strong></span> <span class='ocrx_word' id='word_1_96' title='bbox 592 1150 815 1200; x_wconf 80' lang='lat' dir='ltr'><strong>spectabat.</strong></span> <span class='ocrx_word' id='word_1_97' title='bbox 855 1150 1028 1190; x_wconf 88' lang='lat' dir='ltr'><strong>Minime</strong></span> <span class='ocrx_word' id='word_1_98' title='bbox 1058 1155 1194 1189; x_wconf 83' lang='lat' dir='ltr'><strong>autem</strong></span> <span class='ocrx_word' id='word_1_99' title='bbox 1223 1151 1351 1190; x_wconf 85' lang='lat' dir='ltr'><strong>Anta</strong></span> <span class='ocrx_word' id='word_1_100' title='bbox 1369 1160 1477 1188; x_wconf 88' lang='lat' dir='ltr'><strong>eum</strong></span> <span class='ocrx_word' id='word_1_101' title='bbox 1508 1148 1557 1187; x_wconf 87' lang='lat' dir='ltr'><strong>ab</strong></span> <span class='ocrx_word' id='word_1_102' title='bbox 1573 1148 1699 1188; x_wconf 85' lang='lat' dir='ltr'><strong>Athe-</strong></span> 
     </span>
     <span class='ocr_line' id='line_1_14' title="bbox 248 1219 1702 1278; baseline -0.002 -11"><span class='ocrx_word' id='word_1_103' title='bbox 248 1240 354 1267; x_wconf 85' lang='lat' dir='ltr'><strong>naeo</strong></span> <span class='ocrx_word' id='word_1_104' title='bbox 382 1226 463 1266; x_wconf 88' lang='lat' dir='ltr'><strong>XII</strong></span> <span class='ocrx_word' id='word_1_105' title='bbox 491 1239 533 1278; x_wconf 90' lang='lat' dir='ltr'><strong>p.</strong></span> <span class='ocrx_word' id='word_1_106' title='bbox 560 1226 644 1265; x_wconf 79' lang='lat'><strong>544</strong></span> <span class='ocrx_word' id='word_1_107' title='bbox 661 1227 683 1266; x_wconf 85' lang='lat' dir='ltr'><strong>f</strong></span> <span class='ocrx_word' id='word_1_108' title='bbox 707 1227 938 1277; x_wconf 88' lang='lat' dir='ltr'><strong>laudatum,</strong></span> <span class='ocrx_word' id='word_1_109' title='bbox 977 1229 1044 1268; x_wconf 90' lang='lat' dir='ltr'><strong>cui</strong></span> <span class='ocrx_word' id='word_1_110' title='bbox 1072 1229 1284 1268; x_wconf 83' lang='lat' dir='ltr'><strong>Anteam</strong></span> <span class='ocrx_word' id='word_1_111' title='bbox 1324 1225 1515 1266; x_wconf 83' lang='lat' dir='ltr'><strong>substitui</strong></span> <span class='ocrx_word' id='word_1_112' title='bbox 1544 1219 1702 1275; x_wconf 43' lang='lat' dir='ltr'><strong>volunt*&gt;</strong></span> 
     </span>
     <span class='ocr_line' id='line_1_15' title="bbox 248 1303 1699 1356; baseline 0 -12"><span class='ocrx_word' id='word_1_113' title='bbox 248 1306 292 1344; x_wconf 89' lang='lat' dir='ltr'><strong>in</strong></span> <span class='ocrx_word' id='word_1_114' title='bbox 321 1305 407 1344; x_wconf 86' lang='lat' dir='ltr'><strong>vitii</strong></span> <span class='ocrx_word' id='word_1_115' title='bbox 436 1305 710 1355; x_wconf 86' lang='lat' dir='ltr'><strong>suspicionem</strong></span> <span class='ocrx_word' id='word_1_116' title='bbox 738 1307 980 1346; x_wconf 90' lang='lat' dir='ltr'><strong>vocaverim.</strong></span> <span class='ocrx_word' id='word_1_117' title='bbox 1030 1306 1138 1345; x_wconf 87' lang='lat' dir='ltr'><strong>Sane</strong></span> <span class='ocrx_word' id='word_1_118' title='bbox 1166 1305 1420 1344; x_wconf 89' lang='lat' dir='ltr'><strong>notissimum</strong></span> <span class='ocrx_word' id='word_1_119' title='bbox 1451 1307 1513 1342; x_wconf 86' lang='lat' dir='ltr'><strong>est</strong></span> <span class='ocrx_word' id='word_1_120' title='bbox 1540 1303 1699 1356; x_wconf 64' lang='lat' dir='ltr'><strong>ipsique</strong></span> 
     </span>
     <span class='ocr_line' id='line_1_16' title="bbox 252 1381 1700 1435; baseline -0.001 -13"><span class='ocrx_word' id='word_1_121' title='bbox 252 1383 465 1423; x_wconf 76' lang='lat' dir='ltr'><strong>Athenaeo</strong></span> <span class='ocrx_word' id='word_1_122' title='bbox 511 1383 725 1433; x_wconf 75' lang='lat' dir='ltr'><strong>aliquoties</strong></span> <span class='ocrx_word' id='word_1_123' title='bbox 772 1384 823 1422; x_wconf 90' lang='lat' dir='ltr'><strong>ad</strong></span> <span class='ocrx_word' id='word_1_124' title='bbox 867 1388 1006 1435; x_wconf 84' lang='lat' dir='ltr'><strong>partes</strong></span> <span class='ocrx_word' id='word_1_125' title='bbox 1050 1386 1238 1423; x_wconf 87' lang='lat' dir='ltr'><strong>vocatum</strong></span> <span class='ocrx_word' id='word_1_126' title='bbox 1277 1381 1518 1432; x_wconf 88' lang='lat' dir='ltr'><strong>Antiphanis</strong></span> <span class='ocrx_word' id='word_1_127' title='bbox 1563 1382 1700 1428; x_wconf 56' lang='lat' dir='ltr'><strong>drama</strong></span> 
     </span>
     <span class='ocr_line' id='line_1_17' title="bbox 250 1459 1702 1512; baseline 0.001 -13"><span class='ocrx_word' id='word_1_128' title='bbox 250 1460 451 1500; x_wconf 83' lang='lat' dir='ltr'><strong>Anteae</strong></span> <span class='ocrx_word' id='word_1_129' title='bbox 502 1460 667 1498; x_wconf 89' lang='lat' dir='ltr'><strong>nomine</strong></span> <span class='ocrx_word' id='word_1_130' title='bbox 713 1459 977 1512; x_wconf 87' lang='lat' dir='ltr'><strong>inscriptum;</strong></span> <span class='ocrx_word' id='word_1_131' title='bbox 1028 1473 1105 1499; x_wconf 86' lang='lat' dir='ltr'><strong>nec</strong></span> <span class='ocrx_word' id='word_1_132' title='bbox 1144 1464 1280 1499; x_wconf 88' lang='lat' dir='ltr'><strong>tamen</strong></span> <span class='ocrx_word' id='word_1_133' title='bbox 1325 1463 1463 1498; x_wconf 89' lang='lat' dir='ltr'><strong>contra</strong></span> <span class='ocrx_word' id='word_1_134' title='bbox 1503 1459 1702 1500; x_wconf 84' lang='lat' dir='ltr'><strong>librorum</strong></span> 
     </span>
     <span class='ocr_line' id='line_1_18' title="bbox 253 1535 1702 1588; baseline 0 -13"><span class='ocrx_word' id='word_1_135' title='bbox 253 1535 383 1576; x_wconf 84' lang='lat' dir='ltr'><strong>fidem</strong></span> <span class='ocrx_word' id='word_1_136' title='bbox 427 1537 647 1588; x_wconf 84' lang='lat' dir='ltr'><strong>quidquam</strong></span> <span class='ocrx_word' id='word_1_137' title='bbox 691 1538 922 1578; x_wconf 85' lang='lat' dir='ltr'><strong>novandum</strong></span> <span class='ocrx_word' id='word_1_138' title='bbox 967 1538 1104 1577; x_wconf 88' lang='lat' dir='ltr'><strong>credo.</strong></span> <span class='ocrx_word' id='word_1_139' title='bbox 1184 1537 1303 1587; x_wconf 80' lang='lat' dir='ltr'><strong>Quod</strong></span> <span class='ocrx_word' id='word_1_140' title='bbox 1345 1535 1453 1575; x_wconf 86' lang='lat' dir='ltr'><strong>enim</strong></span> <span class='ocrx_word' id='word_1_141' title='bbox 1495 1535 1702 1587; x_wconf 78' lang='lat' dir='ltr'><strong>Schweig-</strong></span> 
     </span>
     <span class='ocr_line' id='line_1_19' title="bbox 255 1611 1702 1667; baseline -0.001 -15"><span class='ocrx_word' id='word_1_142' title='bbox 255 1613 481 1653; x_wconf 80' lang='lat' dir='ltr'><strong>haeuserus</strong></span> <span class='ocrx_word' id='word_1_143' title='bbox 509 1616 655 1655; x_wconf 84' lang='lat' dir='ltr'><strong>Antaei</strong></span> <span class='ocrx_word' id='word_1_144' title='bbox 683 1615 864 1655; x_wconf 87' lang='lat' dir='ltr'><strong>fabulam</strong></span> <span class='ocrx_word' id='word_1_145' title='bbox 894 1617 1131 1667; x_wconf 83' lang='lat' dir='ltr'><strong>tragoediae</strong></span> <span class='ocrx_word' id='word_1_146' title='bbox 1161 1614 1288 1666; x_wconf 85' lang='lat' dir='ltr'><strong>magis</strong></span> <span class='ocrx_word' id='word_1_147' title='bbox 1318 1625 1438 1664; x_wconf 89' lang='lat' dir='ltr'><strong>quam</strong></span> <span class='ocrx_word' id='word_1_148' title='bbox 1467 1611 1702 1666; x_wconf 68' lang='lat' dir='ltr'><strong>comoediae</strong></span> 
     </span>
     <span class='ocr_line' id='line_1_20' title="bbox 255 1689 1702 1742; baseline 0 -12"><span class='ocrx_word' id='word_1_149' title='bbox 255 1691 476 1731; x_wconf 85' lang='lat' dir='ltr'><strong>convenire</strong></span> <span class='ocrx_word' id='word_1_150' title='bbox 504 1693 703 1742; x_wconf 82' lang='lat' dir='ltr'><strong>affirmat,</strong></span> <span class='ocrx_word' id='word_1_151' title='bbox 741 1694 1005 1733; x_wconf 84' lang='lat' dir='ltr'><strong>falsissimum</strong></span> <span class='ocrx_word' id='word_1_152' title='bbox 1035 1697 1111 1732; x_wconf 86' lang='lat' dir='ltr'><strong>est.</strong></span> <span class='ocrx_word' id='word_1_153' title='bbox 1177 1693 1333 1732; x_wconf 85' lang='lat' dir='ltr'><strong>Antaeo</strong></span> <span class='ocrx_word' id='word_1_154' title='bbox 1363 1689 1497 1729; x_wconf 87' lang='lat' dir='ltr'><strong>nullus</strong></span> <span class='ocrx_word' id='word_1_155' title='bbox 1525 1698 1702 1741; x_wconf 70' lang='lat' dir='ltr'><strong>unquam</strong></span> 
     </span>
     <span class='ocr_line' id='line_1_21' title="bbox 254 1770 1702 1822; baseline 0 -15"><span class='ocrx_word' id='word_1_156' title='bbox 254 1770 503 1821; x_wconf 82' lang='lat' dir='ltr'><strong>tragicorum</strong></span> <span class='ocrx_word' id='word_1_157' title='bbox 539 1775 754 1822; x_wconf 88' lang='lat' dir='ltr'><strong>poetarum</strong></span> <span class='ocrx_word' id='word_1_158' title='bbox 794 1783 868 1822; x_wconf 88' lang='lat' dir='ltr'><strong>pro</strong></span> <span class='ocrx_word' id='word_1_159' title='bbox 912 1771 1147 1822; x_wconf 84' lang='lat' dir='ltr'><strong>tragoediae</strong></span> <span class='ocrx_word' id='word_1_160' title='bbox 1184 1771 1423 1822; x_wconf 85' lang='lat' dir='ltr'><strong>argumento</strong></span> <span class='ocrx_word' id='word_1_161' title='bbox 1469 1778 1568 1806; x_wconf 88' lang='lat' dir='ltr'><strong>usus</strong></span> <span class='ocrx_word' id='word_1_162' title='bbox 1617 1770 1702 1816; x_wconf 59' lang='lat' dir='ltr'><strong>est}</strong></span> 
     </span>
     <span class='ocr_line' id='line_1_22' title="bbox 254 1845 1702 1900; baseline -0.004 -13"><span class='ocrx_word' id='word_1_163' title='bbox 254 1859 333 1887; x_wconf 84' lang='lat' dir='ltr'><strong>nec</strong></span> <span class='ocrx_word' id='word_1_164' title='bbox 361 1851 582 1898; x_wconf 89' lang='lat' dir='ltr'><strong>potuerunt</strong></span> <span class='ocrx_word' id='word_1_165' title='bbox 611 1848 822 1900; x_wconf 84' lang='lat' dir='ltr'><strong>profecto,</strong></span> <span class='ocrx_word' id='word_1_166' title='bbox 851 1854 898 1887; x_wconf 89' lang='lat' dir='ltr'><strong>ut</strong></span> <span class='ocrx_word' id='word_1_167' title='bbox 928 1849 1057 1899; x_wconf 87' lang='lat' dir='ltr'><strong>quivis</strong></span> <span class='ocrx_word' id='word_1_168' title='bbox 1086 1848 1287 1899; x_wconf 84' lang='lat' dir='ltr'><strong>intelliget</strong></span> <span class='ocrx_word' id='word_1_169' title='bbox 1316 1847 1385 1897; x_wconf 90' lang='lat' dir='ltr'><strong>qui</strong></span> <span class='ocrx_word' id='word_1_170' title='bbox 1412 1845 1591 1884; x_wconf 80' lang='lat' dir='ltr'><strong>fabulam</strong></span> <span class='ocrx_word' id='word_1_171' title='bbox 1619 1846 1702 1885; x_wconf 69' lang='lat' dir='ltr'><strong>Au·-</strong></span> 
     </span>
     <span class='ocr_line' id='line_1_23' title="bbox 253 1922 1702 1977; baseline -0.002 -14"><span class='ocrx_word' id='word_1_172' title='bbox 253 1925 351 1973; x_wconf 82' lang='lat' dir='ltr'><strong>taei,</strong></span> <span class='ocrx_word' id='word_1_173' title='bbox 395 1925 449 1964; x_wconf 89' lang='lat' dir='ltr'><strong>de</strong></span> <span class='ocrx_word' id='word_1_174' title='bbox 490 1938 569 1977; x_wconf 86' lang='lat' dir='ltr'><strong>qua</strong></span> <span class='ocrx_word' id='word_1_175' title='bbox 609 1926 703 1965; x_wconf 86' lang='lat' dir='ltr'><strong>vide</strong></span> <span class='ocrx_word' id='word_1_176' title='bbox 746 1926 906 1965; x_wconf 85' lang='lat' dir='ltr'><strong>erudite</strong></span> <span class='ocrx_word' id='word_1_177' title='bbox 957 1926 1225 1965; x_wconf 86' lang='lat' dir='ltr'><strong>disserentem</strong></span> <span class='ocrx_word' id='word_1_178' title='bbox 1263 1924 1452 1976; x_wconf 82' lang='lat' dir='ltr'><strong>Salvagn.</strong></span> <span class='ocrx_word' id='word_1_179' title='bbox 1489 1922 1702 1965; x_wconf 80' lang='lat' dir='ltr'><strong>Boessium</strong></span> 
     </span>
     <span class='ocr_line' id='line_1_24' title="bbox 252 1998 1702 2053; baseline -0.003 -12"><span class='ocrx_word' id='word_1_180' title='bbox 252 2002 431 2042; x_wconf 87' lang='lat' dir='ltr'><strong>Miscell.</strong></span> <span class='ocrx_word' id='word_1_181' title='bbox 461 2016 503 2053; x_wconf 87' lang='lat' dir='ltr'><strong>p.</strong></span> <span class='ocrx_word' id='word_1_182' title='bbox 532 2004 616 2041; x_wconf 73' lang='lat'><strong>210</strong></span> <span class='ocrx_word' id='word_1_183' title='bbox 652 2004 715 2042; x_wconf 91' lang='lat' dir='ltr'><strong>cll.</strong></span> <span class='ocrx_word' id='word_1_184' title='bbox 744 2004 972 2042; x_wconf 86' lang='lat' dir='ltr'><strong>Scholiasta</strong></span> <span class='ocrx_word' id='word_1_185' title='bbox 1001 2003 1159 2043; x_wconf 89' lang='lat' dir='ltr'><strong>Platon.</strong></span> <span class='ocrx_word' id='word_1_186' title='bbox 1177 2002 1342 2042; x_wconf 88' lang='lat' dir='ltr'><strong>Ruhnk.</strong></span> <span class='ocrx_word' id='word_1_187' title='bbox 1372 2013 1413 2052; x_wconf 91' lang='lat' dir='ltr'><strong>p.</strong></span> <span class='ocrx_word' id='word_1_188' title='bbox 1437 2000 1534 2048; x_wconf 78' lang='lat'><strong>452,</strong></span> <span class='ocrx_word' id='word_1_189' title='bbox 1563 1998 1702 2051; x_wconf 71' lang='lat' dir='ltr'><strong>cogni-‘s</strong></span> 
     </span>
     <span class='ocr_line' id='line_1_25' title="bbox 254 2076 1702 2132; baseline -0.003 -14"><span class='ocrx_word' id='word_1_190' title='bbox 254 2083 336 2119; x_wconf 80' lang='lat' dir='ltr'><strong>tam</strong></span> <span class='ocrx_word' id='word_1_191' title='bbox 376 2079 540 2119; x_wconf 88' lang='lat' dir='ltr'><strong>habeat.</strong></span> <span class='ocrx_word' id='word_1_192' title='bbox 606 2081 661 2120; x_wconf 91' lang='lat' dir='ltr'><strong>At</strong></span> <span class='ocrx_word' id='word_1_193' title='bbox 691 2082 860 2132; x_wconf 83' lang='lat' dir='ltr'><strong>egregie</strong></span> <span class='ocrx_word' id='word_1_194' title='bbox 887 2081 1076 2119; x_wconf 80' lang='lat' dir='ltr'><strong>convenit</strong></span> <span class='ocrx_word' id='word_1_195' title='bbox 1106 2081 1345 2132; x_wconf 80' lang='lat' dir='ltr'><strong>argumento</strong></span> <span class='ocrx_word' id='word_1_196' title='bbox 1375 2076 1565 2115; x_wconf 87' lang='lat' dir='ltr'><strong>dramatis</strong></span> <span class='ocrx_word' id='word_1_197' title='bbox 1594 2078 1702 2130; x_wconf 58' lang='lat' dir='ltr'><strong>satys]</strong></span> 
     </span>
     <span class='ocr_line' id='line_1_26' title="bbox 254 2146 1702 2209; baseline -0.001 -13"><span class='ocrx_word' id='word_1_198' title='bbox 254 2157 352 2205; x_wconf 86' lang='lat' dir='ltr'><strong>rici,</strong></span> <span class='ocrx_word' id='word_1_199' title='bbox 384 2157 503 2207; x_wconf 86' lang='lat' dir='ltr'><strong>quale</strong></span> <span class='ocrx_word' id='word_1_200' title='bbox 532 2160 697 2208; x_wconf 88' lang='lat' dir='ltr'><strong>praeter</strong></span> <span class='ocrx_word' id='word_1_201' title='bbox 726 2157 1018 2209; x_wconf 83' lang='lat' dir='ltr'><strong>Phrynichum,</strong></span> <span class='ocrx_word' id='word_1_202' title='bbox 1049 2158 1163 2196; x_wconf 91' lang='lat' dir='ltr'><strong>cuius</strong></span> <span class='ocrx_word' id='word_1_203' title='bbox 1200 2150 1408 2200; x_wconf 82' lang='grc' dir='ltr'><strong><em>Ἀνταῖος</em></strong></span> <span class='ocrx_word' id='word_1_204' title='bbox 1434 2146 1464 2201; x_wconf 74' lang='grc' dir='ltr'><strong>’ἢ</strong></span> <span class='ocrx_word' id='word_1_205' title='bbox 1491 2149 1652 2204; x_wconf 79' lang='grc' dir='ltr'><em>Λίβυες</em></span> <span class='ocrx_word' id='word_1_206' title='bbox 1677 2155 1702 2195; x_wconf 63' lang='grc' dir='ltr'><strong>ι’</strong></span> 
     </span>
     <span class='ocr_line' id='line_1_27' title="bbox 255 2227 1702 2286; baseline -0.003 -12"><span class='ocrx_word' id='word_1_207' title='bbox 255 2234 382 2275; x_wconf 83' lang='lat' dir='ltr'><strong>Suida</strong></span> <span class='ocrx_word' id='word_1_208' title='bbox 411 2246 444 2273; x_wconf 89' lang='lat' dir='ltr'><strong>s.</strong></span> <span class='ocrx_word' id='word_1_209' title='bbox 473 2247 510 2272; x_wconf 87' lang='lat' dir='ltr'><strong>v.</strong></span> <span class='ocrx_word' id='word_1_210' title='bbox 547 2227 759 2286; x_wconf 75' lang='grc' dir='ltr'><strong><em>Φρύνιχος</em></strong></span> <span class='ocrx_word' id='word_1_211' title='bbox 788 2240 830 2275; x_wconf 87' lang='lat' dir='ltr'><strong>et</strong></span> <span class='ocrx_word' id='word_1_212' title='bbox 858 2250 881 2275; x_wconf 89' lang='lat' dir='ltr'><strong>a</strong></span> <span class='ocrx_word' id='word_1_213' title='bbox 910 2235 1048 2275; x_wconf 87' lang='lat' dir='ltr'><strong>Schol.</strong></span> <span class='ocrx_word' id='word_1_214' title='bbox 1078 2234 1287 2286; x_wconf 86' lang='lat' dir='ltr'><strong>Aristoph.</strong></span> <span class='ocrx_word' id='word_1_215' title='bbox 1317 2233 1422 2272; x_wconf 86' lang='lat' dir='ltr'><strong>Ran.</strong></span> <span class='ocrx_word' id='word_1_216' title='bbox 1451 2231 1535 2270; x_wconf 80' lang='lat'><strong>7⁰0</strong></span> <span class='ocrx_word' id='word_1_217' title='bbox 1563 2230 1702 2270; x_wconf 64' lang='lat' dir='ltr'><strong>lauda-&#39;⁶‘</strong></span> 
     </span>
     <span class='ocr_line' id='line_1_28' title="bbox 254 2309 1702 2365; baseline -0.001 -13"><span class='ocrx_word' id='word_1_218' title='bbox 254 2318 339 2362; x_wconf 83' lang='lat' dir='ltr'><strong>tur,</strong></span> <span class='ocrx_word' id='word_1_219' title='bbox 368 2312 578 2363; x_wconf 82' lang='lat' dir='ltr'><strong>scripsisse</strong></span> <span class='ocrx_word' id='word_1_220' title='bbox 608 2313 813 2362; x_wconf 88' lang='lat' dir='ltr'><strong>Aristiam‚</strong></span> <span class='ocrx_word' id='word_1_221' title='bbox 843 2317 1071 2365; x_wconf 84' lang='lat' dir='ltr'><strong>satyrorum</strong></span> <span class='ocrx_word' id='word_1_222' title='bbox 1098 2315 1262 2364; x_wconf 82' lang='lat' dir='ltr'><strong>poetam</strong></span> <span class='ocrx_word' id='word_1_223' title='bbox 1291 2309 1600 2358; x_wconf 85' lang='lat' dir='ltr'><strong>nobilissimum,</strong></span> <span class='ocrx_word' id='word_1_224' title='bbox 1630 2309 1702 2351; x_wconf 63' lang='lat' dir='ltr'><strong>dms</strong></span> 
     </span>
     <span class='ocr_line' id='line_1_29' title="bbox 256 2381 1702 2442; baseline -0.003 -13"><span class='ocrx_word' id='word_1_225' title='bbox 256 2393 323 2429; x_wconf 86' lang='lat' dir='ltr'><strong>cet</strong></span> <span class='ocrx_word' id='word_1_226' title='bbox 352 2390 613 2430; x_wconf 86' lang='lat' dir='ltr'><strong>Herodianus</strong></span> <span class='ocrx_word' id='word_1_227' title='bbox 650 2391 702 2429; x_wconf 88' lang='lat' dir='ltr'><strong>de</strong></span> <span class='ocrx_word' id='word_1_228' title='bbox 738 2391 916 2430; x_wconf 89' lang='lat' dir='ltr'><strong>dictione</strong></span> <span class='ocrx_word' id='word_1_229' title='bbox 953 2387 1060 2430; x_wconf 85' lang='lat' dir='ltr'><strong>solit.</strong></span> <span class='ocrx_word' id='word_1_230' title='bbox 1089 2403 1131 2442; x_wconf 78' lang='grc' dir='ltr'><strong>Ρ.</strong></span> <span class='ocrx_word' id='word_1_231' title='bbox 1161 2390 1216 2428; x_wconf 87' lang='grc'><strong>10</strong></span> <span class='ocrx_word' id='word_1_232' title='bbox 1243 2389 1298 2428; x_wconf 83' lang='grc'><strong>16</strong></span> <span class='ocrx_word' id='word_1_233' title='bbox 1338 2383 1459 2440; x_wconf 82' lang='grc' dir='ltr'><em>παρὰ</em></span> <span class='ocrx_word' id='word_1_234' title='bbox 1491 2381 1702 2441; x_wconf 60' lang='grc' dir='ltr'><em>Ἀριστίῴ</em></span> 
     </span>
     <span class='ocr_line' id='line_1_30' title="bbox 256 2460 1702 2521; baseline 0 -18"><span class='ocrx_word' id='word_1_235' title='bbox 256 2463 303 2503; x_wconf 72' lang='grc' dir='ltr'><strong>ἐν</strong></span> <span class='ocrx_word' id='word_1_236' title='bbox 334 2461 544 2521; x_wconf 71' lang='grc' dir='ltr'><strong><em>’Λνταίῳ,</em></strong></span> <span class='ocrx_word' id='word_1_237' title='bbox 577 2463 694 2506; x_wconf 70' lang='grc' dir='ltr'><strong>ἔνθα</strong></span> <span class='ocrx_word' id='word_1_238' title='bbox 724 2466 863 2521; x_wconf 82' lang='grc' dir='ltr'><strong><em>φησὶν</em></strong></span> <span class='ocrx_word' id='word_1_239' title='bbox 895 2463 1114 2514; x_wconf 80' lang='grc' dir='ltr'><strong><em>Ἀνταῖος,</em></strong></span> <span class='ocrx_word' id='word_1_240' title='bbox 1144 2460 1335 2519; x_wconf 78' lang='grc' dir='ltr'><strong><em>Αἰγαίου</em></strong></span> <span class='ocrx_word' id='word_1_241' title='bbox 1362 2462 1567 2504; x_wconf 75' lang='grc' dir='ltr'><strong><em>Ποσειδῶ</em></strong></span> <span class='ocrx_word' id='word_1_242' title='bbox 1600 2460 1702 2512; x_wconf 58' lang='grc' dir='ltr'><strong>παῖε</strong></span> 
     </span>
     <span class='ocr_line' id='line_1_31' title="bbox 255 2539 1702 2598; baseline 0.001 -15"><span class='ocrx_word' id='word_1_243' title='bbox 255 2539 403 2596; x_wconf 80' lang='grc' dir='ltr'><strong><em>πατὴρ</em></strong></span> <span class='ocrx_word' id='word_1_244' title='bbox 438 2540 614 2598; x_wconf 75' lang='grc' dir='ltr'><em>δ’ἒμός,</em></span> <span class='ocrx_word' id='word_1_245' title='bbox 686 2546 836 2597; x_wconf 74' lang='lat' dir='ltr'><strong>Quidni</strong></span> <span class='ocrx_word' id='word_1_246' title='bbox 874 2545 1000 2597; x_wconf 86' lang='lat' dir='ltr'><strong>igitur</strong></span> <span class='ocrx_word' id='word_1_247' title='bbox 1029 2548 1166 2598; x_wconf 86' lang='lat' dir='ltr'><strong>aptum</strong></span> <span class='ocrx_word' id='word_1_248' title='bbox 1194 2544 1337 2584; x_wconf 88' lang='lat' dir='ltr'><strong>eadem</strong></span> <span class='ocrx_word' id='word_1_249' title='bbox 1372 2543 1511 2583; x_wconf 87' lang='lat' dir='ltr'><strong>fabula</strong></span> <span class='ocrx_word' id='word_1_250' title='bbox 1538 2552 1702 2584; x_wconf 58' lang='lat' dir='ltr'><strong>comoe-</strong></span> 
     </span>
     <span class='ocr_line' id='line_1_32' title="bbox 259 2619 1696 2674; baseline -0.002 -12"><span class='ocrx_word' id='word_1_251' title='bbox 259 2622 351 2662; x_wconf 80' lang='lat' dir='ltr'><strong>diae</strong></span> <span class='ocrx_word' id='word_1_252' title='bbox 392 2628 673 2674; x_wconf 83' lang='lat' dir='ltr'><strong>argumentum</strong></span> <span class='ocrx_word' id='word_1_253' title='bbox 701 2624 965 2674; x_wconf 75' lang='lat' dir='ltr'><strong>praebuerit?</strong></span> <span class='ocrx_word' id='word_1_254' title='bbox 1005 2623 1058 2662; x_wconf 87' lang='lat' dir='ltr'><strong>de</strong></span> <span class='ocrx_word' id='word_1_255' title='bbox 1092 2634 1173 2674; x_wconf 90' lang='lat' dir='ltr'><strong>quo</strong></span> <span class='ocrx_word' id='word_1_256' title='bbox 1210 2626 1320 2662; x_wconf 88' lang='lat' dir='ltr'><strong>tanto</strong></span> <span class='ocrx_word' id='word_1_257' title='bbox 1351 2623 1483 2662; x_wconf 88' lang='lat' dir='ltr'><strong>minus</strong></span> <span class='ocrx_word' id='word_1_258' title='bbox 1513 2619 1696 2660; x_wconf 81' lang='lat' dir='ltr'><strong>dubitan-</strong></span> 
     </span>
     <span class='ocr_line' id='line_1_33' title="bbox 259 2699 1702 2751; baseline -0.001 -12"><span class='ocrx_word' id='word_1_259' title='bbox 259 2700 355 2739; x_wconf 88' lang='lat' dir='ltr'><strong>dum</strong></span> <span class='ocrx_word' id='word_1_260' title='bbox 385 2700 570 2748; x_wconf 71' lang='lat' dir='ltr'><strong>videtur,</strong></span> <span class='ocrx_word' id='word_1_261' title='bbox 599 2712 722 2751; x_wconf 87' lang='lat' dir='ltr'><strong>quum</strong></span> <span class='ocrx_word' id='word_1_262' title='bbox 754 2702 875 2741; x_wconf 84' lang='lat' dir='ltr'><strong>etiam</strong></span> <span class='ocrx_word' id='word_1_263' title='bbox 904 2699 1103 2741; x_wconf 75' lang='lat' dir='ltr'><strong>Busiridis</strong></span> <span class='ocrx_word' id='word_1_264' title='bbox 1129 2703 1172 2739; x_wconf 86' lang='lat' dir='ltr'><strong>et</strong></span> <span class='ocrx_word' id='word_1_265' title='bbox 1200 2701 1381 2741; x_wconf 86' lang='lat' dir='ltr'><strong>Scironis</strong></span> <span class='ocrx_word' id='word_1_266' title='bbox 1409 2699 1512 2748; x_wconf 83' lang='lat' dir='ltr'><strong>fata,</strong></span> <span class='ocrx_word' id='word_1_267' title='bbox 1542 2699 1702 2741; x_wconf 82' lang='lat' dir='ltr'><strong>Antaeo-</strong></span> 
     </span>
    </p>
   </div>
  </div>
 </body>
</html>
