1702 3190
689 146 835 178 rna-ro.
1421 135 1507 178 173

34 263 77 305 p.
117 249 172 291 94
219 248 595 298 Barbarismorum,
634 249 782 302 quibus
821 259 896 289 usa
934 252 1024 289 erat
1052 248 1325 303 cleophontis
1360 254 1507 303 mater,

35 328 224 383 exempla
258 326 438 367 fortasse
475 327 654 367 servavit
682 326 980 380 Aristophanes
1009 327 1233 380 Byzantius
1272 329 1382 383 apud
1419 329 1509 371 Eu-

35 407 230 451 stathium
259 406 311 446 ad
338 406 486 459 Odyss.
527 418 569 459 p.
600 405 708 446 1761
740 406 810 446 38.
845 403 923 445 καὶ
951 399 1150 445 Πλάτων
1185 403 1232 446 δὲ
1261 401 1285 447 ὁ
1316 405 1507 461 κωμικὸς

35 483 61 528 ὁ
98 481 388 541 πρόσωπος
423 482 562 539 εἴρηκε
591 479 643 524 τὸ
671 476 909 539 πρόσωπον
936 483 1013 524 καὶ
1049 478 1151 523 ἀντὶ
1181 482 1260 525 τοῦ
1289 480 1508 538 γάλακτος

35 563 132 606 τοῦ
167 558 305 618 ’γάλα
342 558 479 603 ἔκλινε
509 556 802 615 δισυλλάβως,
847 575 955 615 quae
985 561 1149 604 formae
1179 564 1229 604 ab
1267 565 1392 605 attica
1422 567 1509 607 ele-

35 644 174 697 gantia
210 642 314 682 adeo
357 646 453 682 sunt
490 642 673 693 alienae,
715 644 764 682 ut
801 642 881 683 nisi
919 642 1036 683 lusus
1072 642 1238 695 iocique
1275 655 1420 685 caussa
1457 645 1509 685 iis

33 734 154 762 usum
184 733 276 760 esse
305 719 520 760 Platonem
549 720 674 773 plane
701 719 946 763 incredibile
975 721 1042 762 sit.
1100 720 1265 767 Eodem
1293 723 1507 776 pertinere

30 799 195 841 videtur
231 792 411 853 ᾆσμὸς
444 811 520 851 pro
553 785 678 854 ᾆσμα
716 813 741 839 a
769 799 943 840 Polluce
974 799 1033 843 IV
1056 798 1111 840 64
1153 804 1375 842 servatum.
1442 801 1509 845 Ad

34 879 206 920 eandem
244 877 448 926 fabulam,
490 876 542 917 ad
578 890 700 930 quam
731 879 856 919 etiam
889 879 1038 921 Cicero
1070 878 1123 918 de
1153 869 1334 932 Republ.
1365 881 1423 923 lV
1452 882 1508 920 10

33 957 228 1011 respexit,
257 968 341 997 non
372 956 514 996 dubito
546 957 644 1010 quin
675 961 864 1010 spectent
895 959 1020 998 etiam
1047 955 1154 997 haec
1185 958 1296 1010 apud
1328 959 1507 1012 Phryni-

32 1035 156 1076 chum
196 1034 393 1088 Praepar,
432 1034 552 1089 soph.
595 1049 638 1090 p.
687 1037 714 1076 9
756 1035 832 1076 καὶ
875 1031 1072 1076 Πλάτων
1114 1032 1161 1075 ἐν
1199 1034 1508 1091 Κλειτοφῶντι

32 1109 268 1170 ἐψάθαλλε
320 1110 432 1162 λεῖος
473 1107 552 1155 ὤν.
628 1115 854 1169 Clitophon
907 1117 1017 1157 enim
1035 1146 1048 1166 ‚
1112 1117 1313 1157 obscurus
1365 1115 1508 1167 homo,

33 1207 155 1247 quem
192 1193 235 1234 in
271 1197 509 1233 transcursu
548 1193 794 1247 perstringit
821 1195 1121 1248 Aristophanes
1151 1194 1258 1234 Ran.
1290 1195 1387 1245 698,
1423 1209 1509 1238 non

31 1285 81 1312 ea
115 1272 242 1312 valuit
277 1272 545 1322 auctoritate,
587 1275 636 1311 ut
683 1273 924 1313 comoediae
969 1276 1259 1327 argumentum
1305 1274 1508 1326 praebere

30 1350 224 1405 potuerit.
292 1349 437 1403 Itaque
473 1348 696 1404 legendum
734 1347 1012 1406 Κλεοφῶντι.
1088 1352 1239 1392 Cetera
1273 1350 1509 1406 fragmenta.

30 1429 184 1485 habent
212 1429 453 1470 Athenaeus
482 1428 542 1470 111
571 1443 613 1484 p.
643 1430 738 1472 761·
769 1431 1046 1473 Antiatticista
1073 1443 1116 1486 p.
1145 1432 1201 1472 79
1238 1432 1296 1495 ,2⁰
1334 1436 1377 1475 et
1407 1433 1507 1473 Pol-

22 1508 101 1550 ·lux
127 1507 166 1550 X
197 1507 266 1550 56.

144 1587 192 1628 In
219 1584 269 1628 A
278 1600 307 1626 α
321 1583 384 1643 ΐῳ
413 1586 525 1642 quod
554 1592 844 1642 argumentum
882 1590 1120 1630 tractaverit
1160 1590 1281 1630 Plato
1319 1590 1414 1631 vide
1452 1590 1506 1632 an

32 1666 170 1720 colligi
215 1667 348 1720 possit
395 1680 444 1707 ex
484 1665 700 1708 Athenaeo
744 1668 848 1710 xm
887 1682 930 1723 p.
967 1667 1095 1709 6021·
1130 1666 1247 1722 φασὶ
1291 1665 1506 1708 τοιούτων

22 1742 305 1798 (παιδικῶν)
335 1740 508 1801 ἐρώτων
536 1739 855 1799 κατάρξασθαι
882 1742 1054 1799 Λάϊον,
1098 1745 1352 1799 ξενωθέντα
1381 1743 1503 1803 παρὰ

32 1821 205 1865 Πέλοπι·
240 1824 315 1864 καὶ
350 1822 605 1878 ἐρασθέντα
643 1823 723 1865 τοῦ
757 1823 856 1866 υἱοῦ
891 1821 1031 1868 αὐτοῦ
1061 1823 1346 1882 Χρυσίππου.
1404 1829 1499 1880 >Quo

32 1906 270 1958 respiciens,
318 1910 363 1946 ut
404 1905 590 1955 videtur,
633 1904 934 1958 Aristophanes
982 1907 1026 1948 in
1071 1908 1258 1960 Pelargis
1296 1907 1502 1948 Meletum

31 1984 247 2036 tragicum,
274 1985 343 2037 qui
372 1985 544 2026 Calliam
572 1985 791 2038 paedicare
812 1985 1048 2037 ferebatur,
1078 1988 1220 2041 probri
1251 1999 1394 2027 caussa
1412 1987 1501 2027 Laii

33 2061 163 2103 filium
192 2063 426 2116 appellavit,
456 2067 563 2105 teste
594 2045 826 2104 Scholiasta
855 2063 1017 2106 Platon.
1049 2079 1091 2119 p.
1107 2067 1190 2107 330
1205 2067 1335 2106 Bekk.
1352 2063 1502 2106 Λαΐου

34 2136 132 2180 υἱὸν
166 2135 304 2181 αὐτὸν
343 2139 503 2194 λέγων,
538 2138 632 2181 ἐπεὶ
673 2130 707 2197 ᾧ
745 2137 831 2181 ἔτει
866 2141 911 2182 οἱ
945 2142 1174 2198 Πελαργοὶ
1213 2141 1501 2184 ἐδιδάσκοντο

34 2217 110 2259 καὶ
136 2214 161 2259 ὁ
191 2217 394 2270 ΙΙῙέλητος
431 2214 716 2260 Οἰδιπόδειαυ
744 2215 922 2269 ἔθηκεν.
984 2222 1047 2262 De
1082 2223 1184 2263 Laio
1223 2223 1501 2264 masculorum

35 2310 219 2338 amorum
247 2303 416 2340 auctore
446 2299 521 2340 cfr.
552 2299 745 2339 Clemens
773 2299 893 2340 Alex,
924 2300 1060 2340 Protr.
1090 2314 1132 2354 p.
1163 2302 1189 2340 9
1220 2302 1335 2355 Sylb.
1377 2303 1501 2342 Liba-

35 2375 129 2414 nius
156 2387 232 2426 pro
262 2377 406 2418 Saltat.
444 2379 498 2417 19
533 2390 575 2430 p.
605 2368 688 2418 500
716 2381 768 2427 D,
797 2379 994 2419 Aelianus
1024 2381 1079 2420 H.
1109 2381 1159 2421 A.
1193 2381 1249 2422 VI
1280 2381 1348 2431 15,
1395 2381 1498 2422 Plu-

37 2453 203 2493 tarchus
232 2454 378 2507 Pelop.
409 2455 476 2495 18.
541 2456 792 2509 Fragmenta
820 2456 987 2498 fabulae
1016 2459 1110 2498 ride
1148 2460 1258 2512 apud
1286 2461 1499 2503 Antiattic.

36 2543 78 2584 p.
108 2533 162 2571 9⁰
191 2532 259 2572 24.
297 2534 380 2572 100
409 2534 478 2584 26,
515 2535 656 2576 Schol.
686 2536 973 2589 Aristophanis
1003 2538 1114 2579 Plut.
1146 2540 1243 2590 179,
1280 2540 1351 2580 ubi
1387 2540 1499 2581 ride-

34 2613 104 2650 tur
132 2609 371 2652 Philonides
400 2613 654 2666 Melitensis,
684 2619 727 2655 et
755 2617 826 2668 qui
854 2616 1057 2671 insignem
1087 2631 1137 2660 ex
1167 2618 1383 2664 ealocum
1411 2631 1500 2660 ser-

0 2694 3 2702 “
37 2690 142 2730 vavit
170 2690 322 2731 Athen.
352 2690 393 2731 11
419 2705 461 2745 p.
491 2693 547 2733 68
567 2706 606 2734 e.
