1702 3190
494 159 735 190 cumano.
793 156 1035 187 ruinocaas.
1407 138 1491 184 521

30 261 104 314 τὸς
142 253 269 316 οὗτος
298 257 498 314 ποιητής,
534 261 675 303 Alexis
709 259 986 314 significatur,
1024 256 1141 299 cuius
1178 269 1230 297 ex
1257 255 1496 312 Apocopto-

29 357 151 387 meno
180 343 456 397 fragmentum
488 342 672 395 proxime
709 346 804 380 ante
834 336 1114 390 Theophrasti
1151 335 1288 376 locum
1325 348 1497 389 praece-

32 423 102 466 dit.
159 425 347 477 Denique
383 436 438 463 ne
475 421 578 462 illud
609 419 774 472 quidem
805 415 1077 457 omittendum
1114 419 1201 464 est,
1238 427 1498 469 nequaquam

30 505 246 558 probabile
292 503 448 552 videri,
491 501 751 542 Athenaeum
794 495 1092 537 Chaeremonis
1136 494 1340 545 fabulam,
1392 507 1499 548 quae

28 577 273 631 Ὀδυσσεὺς
300 575 574 636 τραυματίας
598 578 795 629 inscripta
826 579 949 624 esset,
980 574 1132 614 omissa
1159 573 1323 627 potiore
1351 573 1499 614 indicis

31 666 151 715 parte
194 655 484 716 Τραυματίαν
522 656 766 711 appellasse.
854 654 977 707 Quod
1029 657 1168 694 autem
1216 652 1269 692 ad
1321 653 1499 693 alterum

35 742 328 782 Chaeremonis
364 740 501 779 locum
537 737 707 785 attinet,
749 736 792 775 in
831 746 912 787 quo
948 732 1274 786 negligentiores
1303 745 1501 773 numeros

35 820 135 860 olim
147 818 474 872 deprehendisse
503 817 602 857 mihi
632 815 816 864 videbar,
845 813 1059 854 infelicem
1073 812 1206 852 Grotii
1222 811 1501 852 coniecturam

31 901 121 940 tum
161 902 359 951 sequutus
401 909 527 937 eram.
601 896 737 937 Recte
780 895 982 936 librorum
1028 891 1251 932 lectionem
1293 891 1504 932 revocavit

34 977 298 1019 Dindorfius=
341 970 589 1030 Χαιρήμων
626 972 672 1014 δὲ
703 969 727 1015 ὁ
758 967 982 1030 τραγῳδὸς
1010 966 1355 1026 παρασκευάζειν
1389 968 1505 1027 φησὶ

0 1076 1 1086 ¹
37 1053 121 1097 τὸν
147 1046 268 1097 οἶνον
295 1055 386 1104 τοῖς
411 1052 647 1108 χρωμένοις
675 1051 865 1107 γέλωτα,
897 1047 1089 1106 σοςῑίαν,
1120 1046 1399 1105 εὐμάθειαν,
1429 1046 1506 1090 εὐ-

0 1147 2 1179 ι
37 1132 236 1190 βουλίαν,
297 1138 505 1190 Apertum
546 1139 611 1179 est
650 1146 732 1175 non
761 1133 902 1183 verba,
939 1132 1015 1175 sed
1044 1132 1290 1173 sententiam
1320 1131 1507 1173 Chaere-

0 1227 2 1254 Ι
37 1219 171 1259 monis
199 1216 459 1258 Athenaeum
487 1214 732 1254 reddidisse.

0 1291 3 1333 Ι
151 1297 272 1349 Quod
302 1307 425 1347 supra
455 1293 662 1342 dicebam,
698 1292 942 1345 frequentes
972 1303 1066 1331 esse
1094 1290 1361 1332 librariorum
1391 1303 1508 1331 erro-

0 1383 4 1413 Ι
35 1388 107 1418 res
135 1377 179 1416 in
206 1373 490 1429 permutandis
517 1372 728 1413 vocabulis
753 1363 1081 1424 τραγῳδοποιὸς
1109 1373 1151 1411 et
1179 1364 1509 1426 κωμῳδοποιός,

0 1462 4 1481 ·
39 1454 238 1508 exemplis
283 1455 570 1494 confirmatum
615 1450 804 1503 reperies
839 1464 863 1490 a
899 1450 1091 1491 Bentleio
1130 1450 1261 1502 Resp.
1299 1449 1351 1490 ad
1387 1449 1508 1502 Boyl.

0 1540 5 1586 ,¹
41 1547 85 1589 p.
115 1534 170 1574 68
200 1537 242 1573 et
278 1533 520 1574 casaubono
552 1529 604 1570 de
634 1529 758 1570 Poesi
787 1530 872 1573 Sat.
904 1530 923 1570 1
952 1529 980 1570 5
1009 1542 1051 1584 p.
1083 1528 1180 1569 148.
1241 1529 1400 1580 Quibus
1431 1529 1511 1570 alia

0 1605 5 1677 :l
45 1613 246 1666 quaedam
280 1612 434 1652 addere
468 1611 581 1650 iuvat
617 1622 710 1650 cum
751 1613 892 1651 nostro
931 1609 1101 1650 consilio
1141 1608 1371 1649 arctissime
1411 1620 1511 1648 con-

0 1708 5 1731 ν
44 1692 197 1734 iuncta.
253 1691 317 1730 De
345 1689 618 1739 Philocle,
647 1692 694 1729 ut
723 1686 821 1728 hinc
850 1687 1000 1738 ordiar,
1031 1687 1512 1740 ScholiastesAristoph.

0 1755 6 1823 i
44 1772 121 1826 Ay.
149 1771 232 1810 282
257 1769 362 1810 haec
391 1769 577 1821 scripsit:
615 1764 710 1808 ἔστι
734 1765 781 1808 δὲ
815 1764 1032 1816 Φιλοκλῆς
1069 1762 1299 1823 κωμῳδίας
1328 1761 1514 1815 ποιητὴς

43 1849 120 1892 καὶ
152 1844 456 1895 Φιλοπείθους
484 1845 577 1895 υἱὸς
604 1845 650 1898 ἐξ
678 1841 907 1900 Αἰσχύλου
933 1842 1143 1901 ἀδελφῆς.
1200 1846 1359 1887 Similia
1387 1846 1515 1886 habet

45 1930 194 1974 Suidas
225 1929 286 1969 111
315 1942 356 1981 p.
386 1928 470 1968 604
500 1930 542 1966 et
571 1940 621 1967 ex
651 1927 778 1969 Suida
807 1926 994 1970 Eudocia
1023 1941 1063 1981 p.
1086 1927 1185 1976 427,
1215 1925 1328 1966 unde
1355 1924 1513 1965 factum

0 1986 8 2068 i
47 2011 111 2050 est
145 2013 192 2048 ut
220 2008 430 2049 meursius
471 2007 701 2048 Philoclem
738 2008 849 2047 inter
886 2008 1067 2047 comicos
1102 2010 1249 2059 poetas
1290 2004 1515 2056 reciperet.

2 2087 9 2143 ζ*
48 2089 104 2130 At
132 2087 334 2127 Kusterus
371 2081 617 2140 τραγῳδίας
655 2082 840 2135 ποιητὴς
879 2087 1105 2139 legendum
1144 2097 1237 2125 esse
1276 2083 1403 2131 vidit,
1438 2081 1517 2121 im-

3 2171 10 2221 }
50 2166 264 2219 probante,
305 2167 352 2203 ut
392 2164 569 2213 videtur,
609 2165 857 2205 Buttmanno
900 2166 944 2206 in
995 2166 1145 2207 Museo
1189 2162 1360 2214 Antiqu.
1395 2160 1518 2203 stud.

3 2224 9 2284 ἱ
52 2243 134 2284 vol.
165 2242 204 2283 11
233 2256 276 2295 p.
302 2242 398 2282 38⁰.
455 2242 540 2282 Sed
568 2244 783 2284 verissime
812 2243 1028 2291 Kustmns,
1058 2248 1105 2284 ut
1134 2242 1285 2283 docent
1315 2255 1422 2295 quae
1450 2254 1518 2282 se-

4 2307 11 2386 i
57 2325 237 2375 quuntnr
263 2321 372 2375 apud
400 2322 683 2363 Scholiasten:
718 2317 925 2374 γεγόνασι
962 2320 1007 2362 δὲ
1043 2320 1271 2369 Φιλοκλεῖς
1299 2315 1380 2361 δύο
1407 2333 1521 2375 τρα-

4 2409 11 2438 ι
56 2397 226 2456 γῳδιῶν
264 2395 458 2449 ποιηταί.
514 2401 756 2442 Athenaeus
795 2406 932 2444 tamen
971 2403 1043 2443 lib.
1084 2402 1124 2443 11
1163 2416 1205 2456 p.
1235 2402 1332 2442 661:
1376 2401 1520 2443 Phile·-

5 2480 12 2525 Ι
61 2480 166 2520 clem
195 2480 252 2520 ita
280 2485 595 2531 commemorat,
624 2485 671 2521 ut
700 2482 778 2522 nisi
808 2483 861 2524 de
891 2484 1050 2525 comico
1080 2486 1205 2537 poeta
1233 2493 1316 2522 non
1345 2481 1520 2535 cogitari

6 2569 12 2599 ι
59 2571 183 2613 posse
231 2559 438 2600 videatur:
473 2560 547 2600 καὶ
586 2555 669 2614 γὰρ
709 2558 930 2611 Φιλοκλῆς
972 2574 1018 2600 τε
1066 2555 1308 2616 ἐγκέφαλόν
1352 2569 1519 2615 φησιν.-

7 2638 13 2681 Ἰ
60 2632 168 2678 οὐδ’
197 2632 253 2677 ἂν
278 2636 519 2692 ἐγκέφαλον
545 2635 700 2680 ἔσθων
727 2637 862 2683 λίποι.
918 2639 993 2681 καὶ
1019 2634 1374 2695 Ἀριστοφάνης·
1403 2633 1521 2678 ἀπο-

8 2783 10 2789 ]
63 2712 240 2770 λε’σαιμ”
275 2711 332 2757 ἂν
357 2713 596 2774 ἐγκεφάλου
611 2715 732 2775 θρίω
760 2714 852 2762 δύο.
886 2722 1002 2774 Quae
1030 2721 1088 2762 ita
1101 2720 1263 2762 rettulit
1277 2718 1523 2762 Eustathiua
