1702 3190
233 174 290 224 ’ζμ
795 182 1099 211 rutensem-ran.

230 285 472 336 deprompta
509 295 622 332 esse,
658 281 709 322 ab
739 281 953 322 Athenaeo
989 285 1125 321 autem
1161 280 1304 332 supina
1339 280 1511 332 quadam
1545 283 1674 336 negu-

229 362 367 414 gentia
404 361 455 400 ad
488 363 750 412 personatum
788 360 1079 399 Pherecratem
1128 358 1256 398 relata
1295 370 1387 398 esse
1430 360 1570 399 statuit
1612 361 1674 400 vir

230 439 489 486 clarissimus,
518 438 598 477 hoc
625 438 749 490 igitur
777 436 874 488 quid
904 436 1013 476 aliud
1043 449 1134 475 esse
1152 437 1330 474 dicemus
1346 448 1464 486 quam
1488 437 1675 478 ultimum

229 516 381 555 frustra
410 527 436 554 e
464 515 633 565 laqueis,
663 515 809 566 quibus
836 515 925 565 ipse
954 527 1046 553 sese
1072 514 1283 564 implicuit,
1314 514 1463 552 exitum
1482 491 1688 554 tentantis*

226 593 463 645 refugium?
519 593 664 645 Neque
693 591 878 644 profecto
908 591 988 631 hoc
1016 603 1194 643 unquam
1221 590 1263 630 in
1293 594 1470 631 mentem
1498 593 1699 638 venisset¹

226 670 488 719 Heinrichio‚
524 670 559 709 si
595 670 853 710 Scholiasten
893 669 1099 720 Aristoph.
1135 670 1241 720 Equ.
1276 669 1385 708 1313
1419 669 1674 720 inspexisset,

227 749 296 800 qui
326 761 418 788 cum
449 747 624 787 eundem
653 747 769 786 illum
783 747 1003 787 Chironem
1031 747 1282 785 cumeadem
1311 746 1362 784 de
1393 747 1479 786 eius
1509 750 1695 787 auctore*

157 836 164 846 '
226 826 480 865 dubitatione
509 825 559 863 ad
589 828 726 876 partes
744 825 961 872 vocaverit,
990 824 1112 863 facile
1140 824 1393 876 intelligitur,
1423 827 1675 875 quantopere

224 902 304 941 hac
331 914 412 941 una
440 903 725 942 observatione
759 906 845 941 tota
881 902 951 940 illa
980 901 1209 940 Heinrichii
1251 902 1353 941 ratio
1392 901 1674 941 labefactetur.

224 980 372 1031 Neque
401 981 508 1019 enim
538 992 696 1027 vereor,
721 992 774 1018 ne
803 979 1086 1030 Aristophanis
1115 991 1276 1030 quoque
1305 979 1531 1018 Scholiasta
1558 979 1676 1018 festi-

224 1058 386 1097 nantius
415 1058 564 1097 fecisse
599 1060 642 1096 et
674 1060 870 1106 utrosque
901 1056 1113 1103 Chirones‚
1142 1059 1227 1096 toto
1257 1057 1373 1095 coelo
1401 1057 1510 1096 inter
1537 1069 1593 1096 ses
1614 1056 1675 1095 di-

224 1146 386 1181 versos,
424 1138 582 1174 temere
623 1137 666 1173 et
702 1133 790 1172 sine
831 1133 983 1171 iudicio
1023 1132 1256 1172 confudisse
1296 1134 1466 1175 dicatur.
1530 1135 1676 1186 Neque

222 1224 321 1250 vero
359 1211 423 1250 his
459 1212 610 1251 finibus
657 1223 750 1249 sese
789 1211 988 1250 continuit
1031 1210 1345 1261 ingeniosissimi
1381 1213 1458 1252 viri
1494 1213 1674 1253 audacia.

223 1289 328 1328 Nam
359 1301 450 1327 cum
479 1289 663 1328 versibus
691 1287 773 1328 illis
802 1288 1008 1337 heroicis,
1038 1288 1123 1327 sive
1153 1290 1345 1330 orationis
1375 1291 1553 1330 colorem
1590 1289 1676 1329 sive

225 1367 455 1419 argumenti
483 1367 684 1406 rationem
714 1369 896 1418 spectes,
926 1366 1108 1405 nonnihil
1139 1367 1411 1407 similitudinis
1441 1380 1533 1407 cum
1563 1367 1676 1419 frag-

227 1448 365 1484 mento
397 1444 572 1494 quodam
609 1457 632 1482 e
662 1443 1038 1483 Pseudo-Hesiodi
1079 1438 1361 1493 ζΥποθήκιιεις
1398 1445 1506 1497 apud
1535 1444 1674 1484 Schol-

224 1521 344 1562 Pind.
375 1520 495 1573 Pyth.
525 1521 597 1569 VI,
627 1521 680 1560 19
717 1521 975 1563 intercedere
1011 1522 1199 1571 vidisset,
1240 1528 1281 1562 et
1306 1536 1410 1563 rcum
1437 1525 1551 1575 ipsae
1579 1523 1692 1563 illae*

221 1593 481 1646 ’Υποθῆκαι
511 1603 731 1650 praecepta
760 1599 957 1650 quaedam
998 1600 1072 1638 sub
1105 1601 1294 1641 Chironis
1322 1615 1496 1653 persona
1525 1601 1676 1642 Achilli

224 1677 319 1716 data
347 1677 644 1724 continuerint,
680 1677 830 1715 iterum
868 1677 1144 1728 inscriptionis
1180 1679 1443 1719 similitudine
1481 1675 1676 1732 deceptus

224 1758 445 1805 utrumque
473 1753 583 1792 idem
613 1767 759 1806 poema
788 1753 916 1792 fuisse
955 1756 1195 1806 suspicatur.
1263 1757 1345 1796 Sed
1381 1758 1476 1799 huic
1512 1758 1676 1809 quidem

223 1832 427 1883 opinioni,
463 1835 670 1882 utcunque
707 1831 759 1869 de
789 1836 1028 1882 argumento
1060 1833 1459 1874 Pseudo-Hesiodei
1488 1835 1676 1875 carminis

222 1913 445 1958 statuatur,
484 1921 676 1948 versuum
712 1909 876 1948 illorum
914 1910 1027 1949 color
1065 1924 1209 1963 magna
1250 1925 1299 1951 ex
1336 1916 1452 1963 parte
1490 1892 1674 1952 ludicrus

221 1992 415 2039 totusque
446 1987 638 2027 orationis
656 1987 819 2027 habitus
848 1987 950 2027 adeo
981 1989 1258 2038 adversantur,
1286 1993 1332 2028 ut
1357 1990 1455 2028 nihil
1484 2002 1506 2028 a
1525 1983 1692 2029 doctis-²

222 2054 326 2106 simo
364 2065 451 2104 viro
489 2064 570 2103 dici
604 2064 786 2116 potuisse
824 2066 1050 2106 existimem
1086 2067 1367 2118 periculosius.
1433 2068 1540 2107 Tum
1575 2080 1692 2107 vero-

222 2143 313 2195 quis
352 2143 519 2183 tandem
554 2143 663 2183 serio
703 2155 867 2182 carmen
915 2145 1018 2183 illud
1057 2144 1228 2184 Hesiodi
1272 2157 1420 2183 nomen
1458 2144 1673 2184 mentitum

221 2226 304 2260 tam
333 2221 491 2260 recenti
520 2224 654 2260 aetate
684 2225 818 2260 ortum
847 2234 938 2262 esse
967 2221 1043 2261 sibi
1072 2222 1331 2273 persuadeat,
1361 2227 1407 2262 ut
1435 2222 1674 2262 Pherecrati

222 2300 289 2338 vel
318 2290 568 2338 Nicomachb
600 2298 742 2351 affingi
769 2300 977 2350 potuerit?
1023 2300 1123 2351 Quis
1152 2305 1234 2340 tam
1262 2300 1459 2339 novitium
1489 2312 1590 2352 opus
1616 2301 1689 2340 ita.

223 2378 390 2417 Boeotis
425 2377 669 2428 imposuisse
705 2377 868 2426 credat,
903 2380 949 2416 ut
987 2378 1106 2417 simul
1144 2378 1247 2417 illud
1283 2390 1375 2418 cum
1410 2378 1556 2417 ceteris
1585 2378 1672 2417 He-

225 2454 330 2495 siodi
361 2455 617 2504 carminibus,
647 2455 733 2495 sive
761 2455 947 2507 genuinis
977 2455 1062 2495 sive
1087 2456 1366 2508 supposititiis,
1396 2458 1509 2494 certe
1536 2457 1674 2496 tamen

224 2534 544 2584 antiquissimis,
598 2538 984 2583 commemorarent,
1035 2538 1139 2573 teste
1175 2533 1372 2571 Pausania
1408 2533 1477 2572 lib.
1509 2532 1567 2571 lx
1602 2532 1672 2571 31.

223 2611 361 2663 Atqui,
389 2611 561 2661 inquies,
590 2611 686 2662 quid
717 2610 968 2660 Pherecrati‚
999 2611 1152 2650 comico
1175 2613 1334 2661 poetae,
1365 2623 1456 2650 cnm
1488 2610 1685 2649 versibus}

225 2690 306 2730 inis
335 2689 513 2729 heroicis
543 2693 585 2728 et
613 2689 664 2728 ad
694 2689 866 2729 Hesiodi
894 2689 1160 2728 imitationem
1191 2688 1368 2727 effictis?
1423 2685 1546 2738 Quasi
1574 2699 1702 2737 vero>⁴
