<?xml version="1.0" encoding="UTF-8"?>
<!DOCTYPE html PUBLIC "-//W3C//DTD XHTML 1.0 Transitional//EN"
    "http://www.w3.org/TR/xhtml1/DTD/xhtml1-transitional.dtd">
<html xmlns="http://www.w3.org/1999/xhtml" xml:lang="en" lang="en">
 <head>
  <title>
</title>
<meta http-equiv="Content-Type" content="text/html;charset=utf-8" />
  <meta name='ocr-system' content='tesseract 3.04.00' />
  <meta name='ocr-capabilities' content='ocr_page ocr_carea ocr_par ocr_line ocrx_word'/>
</head>
<body>
  <div class='ocr_page' id='page_1' title='image "./fragmentacomicor01meinuoft_0288.png"; bbox 0 0 1702 3190; ppageno 0'>
   <div class='ocr_carea' id='block_1_1' title="bbox 200 161 1091 208">
    <p class='ocr_par' dir='ltr' id='par_1_1' title="bbox 200 161 1091 208">
     <span class='ocr_line' id='line_1_1' title="bbox 200 161 1091 208; baseline 0.001 -12"><span class='ocrx_word' id='word_1_1' title='bbox 200 161 284 208; x_wconf 68' lang='lat'><strong>266</strong></span> <span class='ocrx_word' id='word_1_2' title='bbox 755 166 1091 202; x_wconf 60' lang='lat' dir='ltr'><strong>ercammarus.</strong></span> 
     </span>
    </p>
   </div>
   <div class='ocr_carea' id='block_1_2' title="bbox 200 264 1702 2189">
    <p class='ocr_par' dir='ltr' id='par_1_2' title="bbox 200 264 1648 620">
     <span class='ocr_line' id='line_1_2' title="bbox 205 264 1646 319; baseline -0.003 -8"><span class='ocrx_word' id='word_1_3' title='bbox 205 271 270 315; x_wconf 80' lang='lat' dir='ltr'><strong>De</strong></span> <span class='ocrx_word' id='word_1_4' title='bbox 298 269 390 309; x_wconf 84' lang='lat' dir='ltr'><strong>loco</strong></span> <span class='ocrx_word' id='word_1_5' title='bbox 419 265 673 308; x_wconf 77' lang='lat' dir='ltr'><strong>scholiastae</strong></span> <span class='ocrx_word' id='word_1_6' title='bbox 701 265 983 319; x_wconf 78' lang='lat' dir='ltr'>Aristophanis</span> <span class='ocrx_word' id='word_1_7' title='bbox 1018 266 1073 306; x_wconf 80' lang='lat' dir='ltr'><strong>ad</strong></span> <span class='ocrx_word' id='word_1_8' title='bbox 1102 265 1206 308; x_wconf 86' lang='lat' dir='ltr'><strong>Ran.</strong></span> <span class='ocrx_word' id='word_1_9' title='bbox 1235 266 1345 307; x_wconf 79' lang='lat'><strong>1017</strong></span> <span class='ocrx_word' id='word_1_10' title='bbox 1380 264 1423 305; x_wconf 88' lang='lat' dir='ltr'><strong>ln</strong></span> <span class='ocrx_word' id='word_1_11' title='bbox 1450 275 1530 316; x_wconf 89' lang='lat' dir='ltr'><strong>quo</strong></span> <span class='ocrx_word' id='word_1_12' title='bbox 1557 264 1646 317; x_wconf 71' lang='lat' dir='ltr'><strong>quis</strong></span> 
     </span>
     <span class='ocr_line' id='line_1_3' title="bbox 200 341 1648 398; baseline -0.004 -9"><span class='ocrx_word' id='word_1_13' title='bbox 200 345 550 398; x_wconf 78' lang='lat' dir='ltr'><strong>Mammacythum</strong></span> <span class='ocrx_word' id='word_1_14' title='bbox 575 345 770 384; x_wconf 81' lang='lat' dir='ltr'>Demetrii</span> <span class='ocrx_word' id='word_1_15' title='bbox 800 345 1110 384; x_wconf 88' lang='lat' dir='ltr'><strong>commemorari</strong></span> <span class='ocrx_word' id='word_1_16' title='bbox 1138 343 1367 383; x_wconf 82' lang='lat' dir='ltr'><strong>existimare</strong></span> <span class='ocrx_word' id='word_1_17' title='bbox 1396 342 1539 394; x_wconf 78' lang='lat' dir='ltr'><strong>possit,</strong></span> <span class='ocrx_word' id='word_1_18' title='bbox 1567 341 1648 383; x_wconf 73' lang='lat' dir='ltr'><strong>dixi</strong></span> 
     </span>
     <span class='ocr_line' id='line_1_4' title="bbox 208 418 1648 477; baseline -0.005 -12"><span class='ocrx_word' id='word_1_19' title='bbox 208 437 336 477; x_wconf 82' lang='lat' dir='ltr'><strong>supra</strong></span> <span class='ocrx_word' id='word_1_20' title='bbox 370 436 411 475; x_wconf 89' lang='lat' dir='ltr'><strong>p.</strong></span> <span class='ocrx_word' id='word_1_21' title='bbox 441 424 537 463; x_wconf 78' lang='lat'><strong>219.</strong></span> <span class='ocrx_word' id='word_1_22' title='bbox 608 421 828 462; x_wconf 85' lang='lat' dir='ltr'><strong>Praeterea</strong></span> <span class='ocrx_word' id='word_1_23' title='bbox 866 422 1054 462; x_wconf 85' lang='lat' dir='ltr'><strong>laudatur</strong></span> <span class='ocrx_word' id='word_1_24' title='bbox 1091 420 1320 460; x_wconf 86' lang='lat' dir='ltr'><strong>Demetrius</strong></span> <span class='ocrx_word' id='word_1_25' title='bbox 1357 420 1407 459; x_wconf 89' lang='lat' dir='ltr'><strong>ab</strong></span> <span class='ocrx_word' id='word_1_26' title='bbox 1436 418 1648 459; x_wconf 78' lang='lat' dir='ltr'><strong>Athenaeo</strong></span> 
     </span>
     <span class='ocr_line' id='line_1_5' title="bbox 204 496 1648 554; baseline -0.006 -11"><span class='ocrx_word' id='word_1_27' title='bbox 204 502 246 544; x_wconf 88' lang='lat'><strong>11</strong></span> <span class='ocrx_word' id='word_1_28' title='bbox 274 515 316 554; x_wconf 89' lang='lat' dir='ltr'><strong>p.</strong></span> <span class='ocrx_word' id='word_1_29' title='bbox 345 501 439 541; x_wconf 67' lang='grc' dir='ltr'><strong>ὅθι</strong></span> <span class='ocrx_word' id='word_1_30' title='bbox 477 504 519 540; x_wconf 87' lang='lat' dir='ltr'><strong>et</strong></span> <span class='ocrx_word' id='word_1_31' title='bbox 549 501 727 541; x_wconf 87' lang='lat' dir='ltr'><strong>Stobaeo</strong></span> <span class='ocrx_word' id='word_1_32' title='bbox 765 499 896 544; x_wconf 86' lang='lat' dir='ltr'><strong>Serm.</strong></span> <span class='ocrx_word' id='word_1_33' title='bbox 927 499 968 540; x_wconf 90' lang='lat'><strong>11</strong></span> <span class='ocrx_word' id='word_1_34' title='bbox 998 499 1038 548; x_wconf 93' lang='lat'><strong>1,</strong></span> <span class='ocrx_word' id='word_1_35' title='bbox 1073 499 1144 538; x_wconf 91' lang='lat' dir='ltr'><strong>ubi</strong></span> <span class='ocrx_word' id='word_1_36' title='bbox 1184 496 1356 537; x_wconf 89' lang='lat' dir='ltr'><strong>Gesneri</strong></span> <span class='ocrx_word' id='word_1_37' title='bbox 1394 508 1534 548; x_wconf 81' lang='lat' dir='ltr'><strong>margo</strong></span> <span class='ocrx_word' id='word_1_38' title='bbox 1568 496 1648 536; x_wconf 55' lang='lat' dir='ltr'><strong>De«</strong></span> 
     </span>
     <span class='ocr_line' id='line_1_6' title="bbox 204 579 711 620; baseline -0.006 0"><span class='ocrx_word' id='word_1_39' title='bbox 204 579 367 620; x_wconf 86' lang='lat' dir='ltr'><strong>mocriti</strong></span> <span class='ocrx_word' id='word_1_40' title='bbox 396 592 546 618; x_wconf 89' lang='lat' dir='ltr'><strong>nomen</strong></span> <span class='ocrx_word' id='word_1_41' title='bbox 574 579 711 618; x_wconf 80' lang='lat' dir='ltr'><strong>habet.</strong></span> 
     </span>
    </p>

    <p class='ocr_par' dir='ltr' id='par_1_3' title="bbox 203 649 1702 2189">
     <span class='ocr_line' id='line_1_7' title="bbox 315 649 1650 707; baseline -0.006 -10"><span class='ocrx_word' id='word_1_42' title='bbox 315 654 783 707; x_wconf 52' lang='lat' dir='ltr'><strong>APOLLOPHANE&amp;</strong></span> <span class='ocrx_word' id='word_1_43' title='bbox 821 657 863 694; x_wconf 83' lang='lat' dir='ltr'><strong>et</strong></span> <span class='ocrx_word' id='word_1_44' title='bbox 896 653 986 706; x_wconf 89' lang='lat' dir='ltr'><strong>ipse</strong></span> <span class='ocrx_word' id='word_1_45' title='bbox 1024 653 1214 705; x_wconf 84' lang='lat' dir='ltr'><strong>antiquae</strong></span> <span class='ocrx_word' id='word_1_46' title='bbox 1249 654 1371 703; x_wconf 89' lang='lat' dir='ltr'><strong>poeta</strong></span> <span class='ocrx_word' id='word_1_47' title='bbox 1399 649 1650 699; x_wconf 87' lang='lat' dir='ltr'><strong>comoediae,</strong></span> 
     </span>
     <span class='ocr_line' id='line_1_8' title="bbox 203 726 1650 785; baseline -0.003 -12"><span class='ocrx_word' id='word_1_48' title='bbox 203 734 378 774; x_wconf 79' lang='lat' dir='ltr'><strong>testibus</strong></span> <span class='ocrx_word' id='word_1_49' title='bbox 407 734 534 774; x_wconf 85' lang='lat' dir='ltr'><strong>Suida</strong></span> <span class='ocrx_word' id='word_1_50' title='bbox 562 734 603 772; x_wconf 91' lang='lat' dir='ltr'><strong>in</strong></span> <span class='ocrx_word' id='word_1_51' title='bbox 632 747 670 772; x_wconf 85' lang='lat' dir='ltr'><strong>v.</strong></span> <span class='ocrx_word' id='word_1_52' title='bbox 692 726 1036 785; x_wconf 75' lang='grc' dir='ltr'><em>Ἀπολλοφάνης</em></span> <span class='ocrx_word' id='word_1_53' title='bbox 1066 735 1106 770; x_wconf 89' lang='lat' dir='ltr'><strong>et</strong></span> <span class='ocrx_word' id='word_1_54' title='bbox 1135 730 1291 770; x_wconf 82' lang='lat' dir='ltr'><strong>Eudoc.</strong></span> <span class='ocrx_word' id='word_1_55' title='bbox 1320 742 1362 781; x_wconf 89' lang='lat' dir='ltr'><strong>p.</strong></span> <span class='ocrx_word' id='word_1_56' title='bbox 1393 730 1460 769; x_wconf 82' lang='lat'><strong>61.</strong></span> <span class='ocrx_word' id='word_1_57' title='bbox 1519 728 1650 768; x_wconf 57' lang='lat' dir='ltr'><strong>Strata·</strong></span> 
     </span>
     <span class='ocr_line' id='line_1_9' title="bbox 203 805 1700 862; baseline -0.004 -12"><span class='ocrx_word' id='word_1_58' title='bbox 203 811 301 850; x_wconf 84' lang='lat' dir='ltr'><strong>tidis</strong></span> <span class='ocrx_word' id='word_1_59' title='bbox 330 810 463 850; x_wconf 89' lang='lat' dir='ltr'><strong>ferme</strong></span> <span class='ocrx_word' id='word_1_60' title='bbox 492 811 704 862; x_wconf 87' lang='lat' dir='ltr'><strong>aequalem</strong></span> <span class='ocrx_word' id='word_1_61' title='bbox 731 810 859 849; x_wconf 86' lang='lat' dir='ltr'><strong>fuisse</strong></span> <span class='ocrx_word' id='word_1_62' title='bbox 889 809 1036 848; x_wconf 84' lang='lat' dir='ltr'><strong>docent</strong></span> <span class='ocrx_word' id='word_1_63' title='bbox 1066 821 1114 848; x_wconf 89' lang='lat' dir='ltr'><strong>ea</strong></span> <span class='ocrx_word' id='word_1_64' title='bbox 1143 820 1246 858; x_wconf 85' lang='lat' dir='ltr'><strong>quae</strong></span> <span class='ocrx_word' id='word_1_65' title='bbox 1277 819 1400 859; x_wconf 88' lang='lat' dir='ltr'><strong>supra</strong></span> <span class='ocrx_word' id='word_1_66' title='bbox 1428 820 1468 858; x_wconf 88' lang='lat' dir='ltr'><strong>p.</strong></span> <span class='ocrx_word' id='word_1_67' title='bbox 1488 808 1570 846; x_wconf 78' lang='lat'><strong>226</strong></span> <span class='ocrx_word' id='word_1_68' title='bbox 1600 805 1652 844; x_wconf 90' lang='lat' dir='ltr'><strong>de</strong></span> <span class='ocrx_word' id='word_1_69' title='bbox 1698 855 1700 857; x_wconf 21' lang='grc' dir='ltr'>Ι</span> 
     </span>
     <span class='ocr_line' id='line_1_10' title="bbox 204 885 1653 940; baseline -0.005 -12"><span class='ocrx_word' id='word_1_70' title='bbox 204 888 458 940; x_wconf 82' lang='lat' dir='ltr'><strong>Iphigero</strong></span> <span class='ocrx_word' id='word_1_71' title='bbox 472 892 557 927; x_wconf 88' lang='lat' dir='ltr'><strong>nte</strong></span> <span class='ocrx_word' id='word_1_72' title='bbox 594 888 732 927; x_wconf 88' lang='lat' dir='ltr'><strong>fabula</strong></span> <span class='ocrx_word' id='word_1_73' title='bbox 770 888 993 927; x_wconf 79' lang='lat' dir='ltr'><strong>attulimus.</strong></span> <span class='ocrx_word' id='word_1_74' title='bbox 1059 887 1118 926; x_wconf 86' lang='lat' dir='ltr'><strong>Ac</strong></span> <span class='ocrx_word' id='word_1_75' title='bbox 1147 885 1321 926; x_wconf 82' lang='lat' dir='ltr'><strong>fortasse</strong></span> <span class='ocrx_word' id='word_1_76' title='bbox 1355 885 1423 925; x_wconf 88' lang='lat' dir='ltr'><strong>hic</strong></span> <span class='ocrx_word' id='word_1_77' title='bbox 1451 885 1561 923; x_wconf 85' lang='lat' dir='ltr'><strong>idem</strong></span> <span class='ocrx_word' id='word_1_78' title='bbox 1590 885 1653 922; x_wconf 84' lang='lat' dir='ltr'><strong>est</strong></span> 
     </span>
     <span class='ocr_line' id='line_1_11' title="bbox 203 960 1702 1018; baseline -0.003 -12"><span class='ocrx_word' id='word_1_79' title='bbox 203 965 512 1017; x_wconf 81' lang='lat' dir='ltr'><strong>Apollophanes</strong></span> <span class='ocrx_word' id='word_1_80' title='bbox 557 978 679 1018; x_wconf 87' lang='lat' dir='ltr'><strong>quem</strong></span> <span class='ocrx_word' id='word_1_81' title='bbox 717 966 759 1004; x_wconf 89' lang='lat' dir='ltr'><strong>in</strong></span> <span class='ocrx_word' id='word_1_82' title='bbox 798 964 989 1004; x_wconf 87' lang='lat' dir='ltr'><strong>Cinesiae</strong></span> <span class='ocrx_word' id='word_1_83' title='bbox 1035 964 1242 1003; x_wconf 81' lang='lat' dir='ltr'><strong>sodalibus</strong></span> <span class='ocrx_word' id='word_1_84' title='bbox 1289 965 1476 1001; x_wconf 86' lang='lat' dir='ltr'><strong>numerat</strong></span> <span class='ocrx_word' id='word_1_85' title='bbox 1510 960 1656 1012; x_wconf 81' lang='lat' dir='ltr'><strong>Lysias</strong></span> <span class='ocrx_word' id='word_1_86' title='bbox 1700 1000 1702 1002; x_wconf 87' lang='lat'><strong>.</strong></span> 
     </span>
     <span class='ocr_line' id='line_1_12' title="bbox 204 1035 1702 1096; baseline -0.005 -13"><span class='ocrx_word' id='word_1_87' title='bbox 204 1043 315 1096; x_wconf 82' lang='lat' dir='ltr'><strong>apud</strong></span> <span class='ocrx_word' id='word_1_88' title='bbox 343 1042 599 1083; x_wconf 87' lang='lat' dir='ltr'><strong>Athenaeum</strong></span> <span class='ocrx_word' id='word_1_89' title='bbox 628 1043 708 1082; x_wconf 87' lang='lat' dir='ltr'><strong>XII</strong></span> <span class='ocrx_word' id='word_1_90' title='bbox 737 1056 777 1094; x_wconf 88' lang='lat' dir='ltr'><strong>p.</strong></span> <span class='ocrx_word' id='word_1_91' title='bbox 804 1041 884 1082; x_wconf 86' lang='lat'><strong>551</strong></span> <span class='ocrx_word' id='word_1_92' title='bbox 903 1041 933 1090; x_wconf 80' lang='lat' dir='ltr'><strong>f,</strong></span> <span class='ocrx_word' id='word_1_93' title='bbox 964 1055 987 1081; x_wconf 85' lang='lat' dir='ltr'><strong>a</strong></span> <span class='ocrx_word' id='word_1_94' title='bbox 1017 1054 1096 1092; x_wconf 91' lang='lat' dir='ltr'><strong>quo</strong></span> <span class='ocrx_word' id='word_1_95' title='bbox 1127 1042 1310 1080; x_wconf 86' lang='lat' dir='ltr'><strong>diversus</strong></span> <span class='ocrx_word' id='word_1_96' title='bbox 1339 1043 1402 1078; x_wconf 86' lang='lat' dir='ltr'><strong>est</strong></span> <span class='ocrx_word' id='word_1_97' title='bbox 1430 1039 1465 1078; x_wconf 89' lang='lat' dir='ltr'><strong>is</strong></span> <span class='ocrx_word' id='word_1_98' title='bbox 1495 1038 1548 1077; x_wconf 85' lang='lat' dir='ltr'><strong>de</strong></span> <span class='ocrx_word' id='word_1_99' title='bbox 1572 1048 1653 1088; x_wconf 85' lang='lat' dir='ltr'><strong>quo</strong></span> <span class='ocrx_word' id='word_1_100' title='bbox 1699 1035 1702 1059; x_wconf 65' lang='grc' dir='ltr'>ἶ</span> 
     </span>
     <span class='ocr_line' id='line_1_13' title="bbox 205 1110 1702 1172; baseline -0.005 -11"><span class='ocrx_word' id='word_1_101' title='bbox 205 1121 289 1172; x_wconf 79' lang='lat' dir='ltr'><strong>agit</strong></span> <span class='ocrx_word' id='word_1_102' title='bbox 317 1120 587 1172; x_wconf 87' lang='lat' dir='ltr'><strong>Harpocratio</strong></span> <span class='ocrx_word' id='word_1_103' title='bbox 618 1133 658 1172; x_wconf 87' lang='lat' dir='ltr'><strong>p.</strong></span> <span class='ocrx_word' id='word_1_104' title='bbox 691 1120 772 1159; x_wconf 77' lang='lat'><strong>140</strong></span> <span class='ocrx_word' id='word_1_105' title='bbox 804 1120 872 1158; x_wconf 79' lang='lat'><strong>20.</strong></span> <span class='ocrx_word' id='word_1_106' title='bbox 938 1119 1114 1158; x_wconf 87' lang='lat' dir='ltr'><strong>Fabulas</strong></span> <span class='ocrx_word' id='word_1_107' title='bbox 1154 1117 1478 1170; x_wconf 86' lang='lat' dir='ltr'><strong>Apollophanem</strong></span> <span class='ocrx_word' id='word_1_108' title='bbox 1508 1114 1653 1155; x_wconf 75' lang='lat' dir='ltr'><strong>Suidn</strong></span> <span class='ocrx_word' id='word_1_109' title='bbox 1700 1110 1702 1139; x_wconf 79' lang='lat'>1</span> 
     </span>
     <span class='ocr_line' id='line_1_14' title="bbox 205 1191 1702 1249; baseline -0.006 -10"><span class='ocrx_word' id='word_1_110' title='bbox 205 1202 248 1239; x_wconf 85' lang='lat' dir='ltr'><strong>et</strong></span> <span class='ocrx_word' id='word_1_111' title='bbox 268 1198 454 1238; x_wconf 82' lang='lat' dir='ltr'><strong>Eudocia</strong></span> <span class='ocrx_word' id='word_1_112' title='bbox 481 1198 648 1238; x_wconf 84' lang='lat' dir='ltr'><strong>tradunt</strong></span> <span class='ocrx_word' id='word_1_113' title='bbox 675 1198 888 1249; x_wconf 80' lang='lat' dir='ltr'><strong>scripsisse</strong></span> <span class='ocrx_word' id='word_1_114' title='bbox 917 1197 1108 1248; x_wconf 88' lang='lat' dir='ltr'><strong>quinque,</strong></span> <span class='ocrx_word' id='word_1_115' title='bbox 1129 1208 1300 1248; x_wconf 87' lang='lat' dir='ltr'><strong>quarum</strong></span> <span class='ocrx_word' id='word_1_116' title='bbox 1330 1194 1374 1234; x_wconf 84' lang='grc' dir='ltr'><strong>1ιί</strong></span> <span class='ocrx_word' id='word_1_117' title='bbox 1403 1196 1498 1233; x_wconf 84' lang='lat' dir='ltr'><strong>sunt</strong></span> <span class='ocrx_word' id='word_1_118' title='bbox 1526 1191 1654 1243; x_wconf 70' lang='lat' dir='ltr'><strong>tituli5</strong></span> <span class='ocrx_word' id='word_1_119' title='bbox 1695 1213 1702 1241; x_wconf 58' lang='grc' dir='ltr'><strong>-ς</strong></span> 
     </span>
     <span class='ocr_line' id='line_1_15' title="bbox 204 1267 1702 1329; baseline -0.005 -12"><span class='ocrx_word' id='word_1_120' title='bbox 204 1271 337 1323; x_wconf 86' lang='grc' dir='ltr'><em>Δάλις</em></span> <span class='ocrx_word' id='word_1_121' title='bbox 366 1275 482 1328; x_wconf 85' lang='lat' dir='ltr'><strong>(sic),</strong></span> <span class='ocrx_word' id='word_1_122' title='bbox 506 1270 749 1329; x_wconf 77' lang='grc' dir='ltr'><em>Ἰφιγέρων,</em></span> <span class='ocrx_word' id='word_1_123' title='bbox 779 1272 959 1327; x_wconf 70' lang='grc' dir='ltr'><em>Κρῆτες,</em></span> <span class='ocrx_word' id='word_1_124' title='bbox 988 1268 1152 1322; x_wconf 85' lang='grc' dir='ltr'><em>Δανάη,</em></span> <span class='ocrx_word' id='word_1_125' title='bbox 1183 1271 1439 1324; x_wconf 79' lang='grc' dir='ltr'><em>Κένταυροι.</em></span> <span class='ocrx_word' id='word_1_126' title='bbox 1500 1270 1654 1310; x_wconf 81' lang='lat' dir='ltr'><strong>Prioris</strong></span> <span class='ocrx_word' id='word_1_127' title='bbox 1700 1267 1702 1270; x_wconf 63' lang='grc'>’</span> 
     </span>
     <span class='ocr_line' id='line_1_16' title="bbox 204 1346 1659 1405; baseline -0.006 -10"><span class='ocrx_word' id='word_1_128' title='bbox 204 1354 369 1395; x_wconf 84' lang='lat' dir='ltr'><strong>fabulae</strong></span> <span class='ocrx_word' id='word_1_129' title='bbox 399 1353 479 1394; x_wconf 86' lang='lat' dir='ltr'><strong>duo</strong></span> <span class='ocrx_word' id='word_1_130' title='bbox 511 1357 729 1405; x_wconf 82' lang='lat' dir='ltr'><strong>supersunt</strong></span> <span class='ocrx_word' id='word_1_131' title='bbox 758 1352 986 1405; x_wconf 81' lang='lat' dir='ltr'><strong>fragmenta</strong></span> <span class='ocrx_word' id='word_1_132' title='bbox 1007 1352 1113 1404; x_wconf 85' lang='lat' dir='ltr'><strong>apud</strong></span> <span class='ocrx_word' id='word_1_133' title='bbox 1128 1352 1382 1392; x_wconf 85' lang='lat' dir='ltr'><strong>Athenaeum</strong></span> <span class='ocrx_word' id='word_1_134' title='bbox 1397 1349 1456 1388; x_wconf 90' lang='lat'><strong>111</strong></span> <span class='ocrx_word' id='word_1_135' title='bbox 1486 1346 1659 1401; x_wconf 83' lang='lat' dir='ltr'><strong>p.114f</strong></span> 
     </span>
     <span class='ocr_line' id='line_1_17' title="bbox 203 1425 1654 1479; baseline -0.004 -7"><span class='ocrx_word' id='word_1_136' title='bbox 203 1433 276 1472; x_wconf 85' lang='lat' dir='ltr'><strong>ubi</strong></span> <span class='ocrx_word' id='word_1_137' title='bbox 306 1430 398 1471; x_wconf 88' lang='lat' dir='ltr'><strong>edd.</strong></span> <span class='ocrx_word' id='word_1_138' title='bbox 427 1425 630 1479; x_wconf 83' lang='grc' dir='ltr'><em>Δαλνίδι,</em></span> <span class='ocrx_word' id='word_1_139' title='bbox 663 1431 754 1470; x_wconf 87' lang='lat' dir='ltr'><strong>cod.</strong></span> <span class='ocrx_word' id='word_1_140' title='bbox 783 1431 888 1471; x_wconf 90' lang='lat' dir='ltr'><strong>Ven.</strong></span> <span class='ocrx_word' id='word_1_141' title='bbox 917 1425 1143 1476; x_wconf 79' lang='grc' dir='ltr'><em>Δαλνίδει,</em></span> <span class='ocrx_word' id='word_1_142' title='bbox 1179 1429 1441 1469; x_wconf 81' lang='lat' dir='ltr'><strong>casaubonus</strong></span> <span class='ocrx_word' id='word_1_143' title='bbox 1476 1427 1518 1466; x_wconf 84' lang='lat' dir='ltr'><strong>in</strong></span> <span class='ocrx_word' id='word_1_144' title='bbox 1547 1425 1654 1466; x_wconf 80' lang='lat' dir='ltr'><strong>notis</strong></span> 
     </span>
     <span class='ocr_line' id='line_1_18' title="bbox 204 1501 1655 1561; baseline -0.006 -12"><span class='ocrx_word' id='word_1_145' title='bbox 204 1504 402 1555; x_wconf 82' lang='grc' dir='ltr'><em>Δαυλίδι,</em></span> <span class='ocrx_word' id='word_1_146' title='bbox 431 1507 850 1561; x_wconf 85' lang='lat' dir='ltr'><strong>Schweighaeuserus</strong></span> <span class='ocrx_word' id='word_1_147' title='bbox 879 1502 1048 1556; x_wconf 82' lang='grc' dir='ltr'><em>Δαλίδι,</em></span> <span class='ocrx_word' id='word_1_148' title='bbox 1081 1510 1126 1545; x_wconf 85' lang='lat' dir='ltr'><strong>et</strong></span> <span class='ocrx_word' id='word_1_149' title='bbox 1152 1506 1250 1546; x_wconf 85' lang='lat' dir='ltr'><strong>ibid.</strong></span> <span class='ocrx_word' id='word_1_150' title='bbox 1270 1506 1328 1545; x_wconf 89' lang='lat' dir='ltr'><strong>XI</strong></span> <span class='ocrx_word' id='word_1_151' title='bbox 1361 1517 1402 1556; x_wconf 89' lang='lat' dir='ltr'><strong>p.</strong></span> <span class='ocrx_word' id='word_1_152' title='bbox 1430 1504 1511 1543; x_wconf 78' lang='lat'><strong>467</strong></span> <span class='ocrx_word' id='word_1_153' title='bbox 1525 1502 1556 1552; x_wconf 87' lang='lat' dir='ltr'><strong>f,</strong></span> <span class='ocrx_word' id='word_1_154' title='bbox 1582 1501 1655 1542; x_wconf 77' lang='lat' dir='ltr'><strong>ubi</strong></span> 
     </span>
     <span class='ocr_line' id='line_1_19' title="bbox 207 1580 1656 1636; baseline -0.007 -7"><span class='ocrx_word' id='word_1_155' title='bbox 207 1588 302 1629; x_wconf 83' lang='lat' dir='ltr'><strong>edd.</strong></span> <span class='ocrx_word' id='word_1_156' title='bbox 334 1580 530 1634; x_wconf 84' lang='grc' dir='ltr'><em>Δαυλίδι,</em></span> <span class='ocrx_word' id='word_1_157' title='bbox 562 1587 652 1626; x_wconf 90' lang='lat' dir='ltr'><strong>cod.</strong></span> <span class='ocrx_word' id='word_1_158' title='bbox 685 1587 790 1627; x_wconf 87' lang='lat' dir='ltr'><strong>Ven.</strong></span> <span class='ocrx_word' id='word_1_159' title='bbox 820 1581 988 1634; x_wconf 83' lang='grc' dir='ltr'><em>Δαλίδι,</em></span> <span class='ocrx_word' id='word_1_160' title='bbox 1019 1585 1127 1636; x_wconf 87' lang='lat' dir='ltr'><strong>quod</strong></span> <span class='ocrx_word' id='word_1_161' title='bbox 1156 1583 1312 1634; x_wconf 84' lang='lat' dir='ltr'><strong>recepit</strong></span> <span class='ocrx_word' id='word_1_162' title='bbox 1341 1580 1656 1632; x_wconf 79' lang='lat' dir='ltr'><strong>Schweighaeu-</strong></span> 
     </span>
     <span class='ocr_line' id='line_1_20' title="bbox 207 1655 1702 1733; baseline -0.007 -26"><span class='ocrx_word' id='word_1_163' title='bbox 207 1678 346 1715; x_wconf 85' lang='lat' dir='ltr'><strong>serus,</strong></span> <span class='ocrx_word' id='word_1_164' title='bbox 383 1663 605 1704; x_wconf 82' lang='lat' dir='ltr'><strong>admonens</strong></span> <span class='ocrx_word' id='word_1_165' title='bbox 643 1663 864 1716; x_wconf 80' lang='lat' dir='ltr'><strong>Ilesychii:</strong></span> <span class='ocrx_word' id='word_1_166' title='bbox 902 1658 1117 1712; x_wconf 85' lang='grc' dir='ltr'><em>Δαλίδας,</em></span> <span class='ocrx_word' id='word_1_167' title='bbox 1154 1657 1232 1708; x_wconf 80' lang='grc' dir='ltr'><strong>τὰς</strong></span> <span class='ocrx_word' id='word_1_168' title='bbox 1265 1655 1656 1713; x_wconf 81' lang='grc' dir='ltr'><em>μεμνηστευμὲνας.</em></span> <span class='ocrx_word' id='word_1_169' title='bbox 1688 1686 1702 1733; x_wconf 43' lang='grc' dir='ltr'><em>ᾗ</em></span> 
     </span>
     <span class='ocr_line' id='line_1_21' title="bbox 207 1733 1702 1796; baseline -0.008 -9"><span class='ocrx_word' id='word_1_170' title='bbox 207 1746 351 1796; x_wconf 85' lang='lat' dir='ltr'><strong>Itaque</strong></span> <span class='ocrx_word' id='word_1_171' title='bbox 380 1739 506 1788; x_wconf 85' lang='grc' dir='ltr'><em>δαλὶς</em></span> <span class='ocrx_word' id='word_1_172' title='bbox 534 1741 634 1780; x_wconf 86' lang='lat' dir='ltr'><strong>nihil</strong></span> <span class='ocrx_word' id='word_1_173' title='bbox 665 1741 833 1781; x_wconf 84' lang='lat' dir='ltr'><strong>differre</strong></span> <span class='ocrx_word' id='word_1_174' title='bbox 861 1742 1023 1781; x_wconf 78' lang='lat' dir='ltr'><strong>videtur</strong></span> <span class='ocrx_word' id='word_1_175' title='bbox 1051 1754 1075 1780; x_wconf 90' lang='lat' dir='ltr'><strong>a</strong></span> <span class='ocrx_word' id='word_1_176' title='bbox 1103 1736 1244 1789; x_wconf 82' lang='grc' dir='ltr'><em>τᾶλις,</em></span> <span class='ocrx_word' id='word_1_177' title='bbox 1284 1749 1524 1789; x_wconf 87' lang='lat' dir='ltr'><strong>quamquam</strong></span> <span class='ocrx_word' id='word_1_178' title='bbox 1552 1733 1656 1775; x_wconf 83' lang='lat' dir='ltr'><strong>illud</strong></span> <span class='ocrx_word' id='word_1_179' title='bbox 1684 1737 1702 1795; x_wconf 62' lang='grc' dir='ltr'>ζ</span> 
     </span>
     <span class='ocr_line' id='line_1_22' title="bbox 206 1812 1655 1879; baseline -0.009 -15"><span class='ocrx_word' id='word_1_180' title='bbox 206 1836 375 1879; x_wconf 88' lang='lat' dir='ltr'><strong>prorsus</strong></span> <span class='ocrx_word' id='word_1_181' title='bbox 412 1823 554 1860; x_wconf 86' lang='lat' dir='ltr'><strong>contra</strong></span> <span class='ocrx_word' id='word_1_182' title='bbox 591 1819 679 1859; x_wconf 85' lang='lat' dir='ltr'><strong>veri</strong></span> <span class='ocrx_word' id='word_1_183' title='bbox 717 1820 898 1872; x_wconf 82' lang='lat' dir='ltr'><strong>speciem</strong></span> <span class='ocrx_word' id='word_1_184' title='bbox 934 1820 1034 1859; x_wconf 83' lang='lat' dir='ltr'><strong>fecit</strong></span> <span class='ocrx_word' id='word_1_185' title='bbox 1078 1816 1505 1869; x_wconf 85' lang='lat' dir='ltr'><strong>Schweighaeuserus,</strong></span> <span class='ocrx_word' id='word_1_186' title='bbox 1546 1812 1655 1864; x_wconf 85' lang='lat' dir='ltr'><strong>quod</strong></span> 
     </span>
     <span class='ocr_line' id='line_1_23' title="bbox 207 1838 1702 1954; baseline -0.01 -13"><span class='ocrx_word' id='word_1_187' title='bbox 207 1901 317 1954; x_wconf 87' lang='lat' dir='ltr'><strong>apud</strong></span> <span class='ocrx_word' id='word_1_188' title='bbox 360 1899 554 1939; x_wconf 82' lang='lat' dir='ltr'><strong>Photium</strong></span> <span class='ocrx_word' id='word_1_189' title='bbox 601 1898 699 1938; x_wconf 82' lang='lat' dir='ltr'><strong>Lex.</strong></span> <span class='ocrx_word' id='word_1_190' title='bbox 739 1911 780 1950; x_wconf 88' lang='lat' dir='ltr'><strong>p.</strong></span> <span class='ocrx_word' id='word_1_191' title='bbox 810 1897 892 1937; x_wconf 81' lang='lat'><strong>567</strong></span> <span class='ocrx_word' id='word_1_192' title='bbox 923 1898 976 1936; x_wconf 78' lang='lat'><strong>17</strong></span> <span class='ocrx_word' id='word_1_193' title='bbox 1018 1891 1203 1944; x_wconf 76' lang='grc' dir='ltr'><em>τάλιδος,</em></span> <span class='ocrx_word' id='word_1_194' title='bbox 1245 1889 1321 1941; x_wconf 80' lang='grc' dir='ltr'><strong>τῆς</strong></span> <span class='ocrx_word' id='word_1_195' title='bbox 1363 1838 1702 1944; x_wconf 58' lang='grc' dir='ltr'><strong>μελλογάμου.ἑ</strong></span> 
     </span>
     <span class='ocr_line' id='line_1_24' title="bbox 206 1932 1701 2030; baseline -0.007 -11"><span class='ocrx_word' id='word_1_196' title='bbox 206 1972 342 2025; x_wconf 78' lang='grc' dir='ltr'><em>οὕτως</em></span> <span class='ocrx_word' id='word_1_197' title='bbox 382 1971 731 2030; x_wconf 78' lang='grc' dir='ltr'><strong>Ἀριστοφάνης,</strong></span> <span class='ocrx_word' id='word_1_198' title='bbox 784 1975 1078 2027; x_wconf 78' lang='lat' dir='ltr'><strong>Apollophanis</strong></span> <span class='ocrx_word' id='word_1_199' title='bbox 1123 1985 1271 2013; x_wconf 88' lang='lat' dir='ltr'><strong>nomen</strong></span> <span class='ocrx_word' id='word_1_200' title='bbox 1310 1971 1471 2010; x_wconf 85' lang='lat' dir='ltr'><strong>restitui</strong></span> <span class='ocrx_word' id='word_1_201' title='bbox 1512 1932 1701 2028; x_wconf 7' lang='lat' dir='ltr'><strong>voluit-b}</strong></span> 
     </span>
     <span class='ocr_line' id='line_1_25' title="bbox 207 2013 1701 2107; baseline -0.011 -8"><span class='ocrx_word' id='word_1_202' title='bbox 207 2058 292 2099; x_wconf 85' lang='lat' dir='ltr'><strong>Ubi</strong></span> <span class='ocrx_word' id='word_1_203' title='bbox 321 2057 356 2096; x_wconf 87' lang='lat' dir='ltr'><strong>si</strong></span> <span class='ocrx_word' id='word_1_204' title='bbox 385 2056 483 2107; x_wconf 88' lang='lat' dir='ltr'><strong>quid</strong></span> <span class='ocrx_word' id='word_1_205' title='bbox 512 2055 763 2103; x_wconf 87' lang='lat' dir='ltr'><strong>mutandum,</strong></span> <span class='ocrx_word' id='word_1_206' title='bbox 794 2054 929 2093; x_wconf 89' lang='lat' dir='ltr'><strong>malim</strong></span> <span class='ocrx_word' id='word_1_207' title='bbox 958 2047 1188 2104; x_wconf 76' lang='grc' dir='ltr'><em>Σοφοκλῆς</em></span> <span class='ocrx_word' id='word_1_208' title='bbox 1215 2061 1290 2102; x_wconf 87' lang='lat' dir='ltr'><strong>pro</strong></span> <span class='ocrx_word' id='word_1_209' title='bbox 1315 2039 1655 2100; x_wconf 78' lang='grc' dir='ltr'><em>Ἀριστοφάνης,</em></span> <span class='ocrx_word' id='word_1_210' title='bbox 1675 2013 1701 2099; x_wconf 48' lang='lat'><strong>3&amp;</strong></span> 
     </span>
     <span class='ocr_line' id='line_1_26' title="bbox 209 2110 1681 2189; baseline -0.007 -14"><span class='ocrx_word' id='word_1_211' title='bbox 209 2149 289 2189; x_wconf 89' lang='lat' dir='ltr'><strong>quo</strong></span> <span class='ocrx_word' id='word_1_212' title='bbox 321 2146 463 2174; x_wconf 91' lang='lat' dir='ltr'><strong>errore</strong></span> <span class='ocrx_word' id='word_1_213' title='bbox 490 2132 594 2173; x_wconf 88' lang='lat' dir='ltr'><strong>nihil</strong></span> <span class='ocrx_word' id='word_1_214' title='bbox 618 2132 873 2185; x_wconf 81' lang='lat' dir='ltr'><strong>frequentius</strong></span> <span class='ocrx_word' id='word_1_215' title='bbox 903 2134 979 2172; x_wconf 84' lang='lat' dir='ltr'><strong>est.</strong></span> <span class='ocrx_word' id='word_1_216' title='bbox 1013 2130 1084 2181; x_wconf 70' lang='lat'><strong>⁴⁷)</strong></span> <span class='ocrx_word' id='word_1_217' title='bbox 1152 2128 1377 2180; x_wconf 81' lang='lat' dir='ltr'><strong>Respicere</strong></span> <span class='ocrx_word' id='word_1_218' title='bbox 1406 2127 1515 2167; x_wconf 83' lang='lat' dir='ltr'><strong>enim</strong></span> <span class='ocrx_word' id='word_1_219' title='bbox 1542 2110 1681 2182; x_wconf 12' lang='lat' dir='ltr'><strong>vide-³¹¹</strong></span> 
     </span>
    </p>
   </div>
   <div class='ocr_carea' id='block_1_3' title="bbox 1663 2066 1702 2285">
    <p class='ocr_par' dir='ltr' id='par_1_4' title="bbox 1663 2066 1702 2285">
     <span class='ocr_line' id='line_1_27' title="bbox 1663 2066 1702 2285; baseline 0 -173"><span class='ocrx_word' id='word_1_220' title='bbox 1663 2066 1702 2285; x_wconf 95' lang='lat' dir='ltr'><strong>  </strong></span> <span class='ocrx_word' id='word_1_221' title='bbox 1701 2066 1702 2112; x_wconf 95' lang='lat' dir='ltr'><strong> </strong></span> 
     </span>
    </p>
   </div>
   <div class='ocr_carea' id='block_1_4' title="bbox 210 2261 473 2272">
    <p class='ocr_par' dir='ltr' id='par_1_5' title="bbox 210 2261 473 2272">
     <span class='ocr_line' id='line_1_28' title="bbox 210 2261 473 2272; baseline 0 918"><span class='ocrx_word' id='word_1_222' title='bbox 210 2261 473 2272; x_wconf 95' lang='lat' dir='ltr'><strong> </strong></span> 
     </span>
    </p>
   </div>
   <div class='ocr_carea' id='block_1_5' title="bbox 269 2299 1697 2730">
    <p class='ocr_par' dir='ltr' id='par_1_6' title="bbox 269 2299 1697 2730">
     <span class='ocr_line' id='line_1_29' title="bbox 1664 2299 1697 2323; baseline 0 -5"><span class='ocrx_word' id='word_1_223' title='bbox 1664 2299 1697 2323; x_wconf 49' lang='grc' dir='ltr'><strong>..Ψ</strong></span> 
     </span>
     <span class='ocr_line' id='line_1_30' title="bbox 269 2338 1654 2452; baseline -0.005 -13"><span class='ocrx_word' id='word_1_224' title='bbox 269 2343 598 2448; x_wconf 48' lang='lat' dir='ltr'><strong>“usstass</strong></span> <span class='ocrx_word' id='word_1_225' title='bbox 616 2338 1654 2452; x_wconf 57' lang='lat' dir='ltr'><strong>5553332.}}¹3013·.}}.3¹‘11.¹}.2¹;⁰..‘5?g.⁰.‘{⁶{›2¹1¹¹</strong></span> 
     </span>
     <span class='ocr_line' id='line_1_31' title="bbox 321 2410 1654 2507; baseline -0.005 -13"><span class='ocrx_word' id='word_1_226' title='bbox 321 2456 392 2494; x_wconf 84' lang='lat' dir='ltr'><strong>lux</strong></span> <span class='ocrx_word' id='word_1_227' title='bbox 406 2456 483 2496; x_wconf 87' lang='lat' dir='ltr'><strong>VII</strong></span> <span class='ocrx_word' id='word_1_228' title='bbox 512 2415 558 2495; x_wconf 76' lang='lat' dir='ltr'><strong>7P</strong></span> <span class='ocrx_word' id='word_1_229' title='bbox 568 2453 669 2502; x_wconf 80' lang='grc' dir='ltr'><em>τοὺς</em></span> <span class='ocrx_word' id='word_1_230' title='bbox 697 2453 757 2507; x_wconf 80' lang='grc' dir='ltr'><strong>μὴ</strong></span> <span class='ocrx_word' id='word_1_231' title='bbox 786 2454 974 2507; x_wconf 75' lang='grc' dir='ltr'><em>ἀκριβεῖς</em></span> <span class='ocrx_word' id='word_1_232' title='bbox 1001 2413 1195 2507; x_wconf 60' lang='grc' dir='ltr'><em>τεχΒίτας</em></span> <span class='ocrx_word' id='word_1_233' title='bbox 1217 2410 1516 2505; x_wconf 53' lang='grc' dir='ltr'><em>φαυλουριὲκοὺς</em></span> <span class='ocrx_word' id='word_1_234' title='bbox 1543 2443 1654 2489; x_wconf 77' lang='grc' dir='ltr'><em>κατὰ</em></span> 
     </span>
     <span class='ocr_line' id='line_1_32' title="bbox 318 2502 1654 2567; baseline -0.004 -19"><span class='ocrx_word' id='word_1_235' title='bbox 318 2504 652 2567; x_wconf 77' lang='grc' dir='ltr'><em>Ἀριστοφάνην</em></span> <span class='ocrx_word' id='word_1_236' title='bbox 679 2509 784 2563; x_wconf 76' lang='grc' dir='ltr'><em>λέγε.</em></span> <span class='ocrx_word' id='word_1_237' title='bbox 850 2514 1043 2552; x_wconf 84' lang='lat' dir='ltr'><strong>Fortasse</strong></span> <span class='ocrx_word' id='word_1_238' title='bbox 1082 2510 1300 2562; x_wconf 83' lang='lat' dir='ltr'><strong>legendum</strong></span> <span class='ocrx_word' id='word_1_239' title='bbox 1332 2502 1654 2561; x_wconf 78' lang='grc' dir='ltr'><em>φλαυρουργούς</em></span> 
     </span>
     <span class='ocr_line' id='line_1_33' title="bbox 323 2555 1653 2619; baseline 0.003 -15"><span class='ocrx_word' id='word_1_240' title='bbox 323 2571 366 2605; x_wconf 88' lang='lat' dir='ltr'><strong>et</strong></span> <span class='ocrx_word' id='word_1_241' title='bbox 392 2565 625 2619; x_wconf 82' lang='grc' dir='ltr'><em>Σοφοκλῆν</em></span> <span class='ocrx_word' id='word_1_242' title='bbox 654 2568 721 2608; x_wconf 91' lang='lat' dir='ltr'><strong>cll.</strong></span> <span class='ocrx_word' id='word_1_243' title='bbox 752 2568 925 2608; x_wconf 85' lang='lat' dir='ltr'><strong>Philoct.</strong></span> <span class='ocrx_word' id='word_1_244' title='bbox 955 2567 1010 2606; x_wconf 85' lang='lat'><strong>35</strong></span> <span class='ocrx_word' id='word_1_245' title='bbox 1038 2562 1342 2619; x_wconf 74' lang='grc' dir='ltr'><em>φλαυρουργοῦ</em></span> <span class='ocrx_word' id='word_1_246' title='bbox 1368 2574 1483 2610; x_wconf 67' lang='grc' dir='ltr'><em>τινος</em></span> <span class='ocrx_word' id='word_1_247' title='bbox 1509 2555 1653 2613; x_wconf 67' lang='grc' dir='ltr'><em>ἵδχνῆ·</em></span> 
     </span>
     <span class='ocr_line' id='line_1_34' title="bbox 322 2616 1652 2676; baseline -0.004 -15"><span class='ocrx_word' id='word_1_248' title='bbox 322 2616 428 2674; x_wconf 74' lang='grc' dir='ltr'><em>ματ’</em></span> <span class='ocrx_word' id='word_1_249' title='bbox 461 2617 631 2675; x_wconf 78' lang='grc' dir='ltr'><em>ἀνδρὸς.</em></span> <span class='ocrx_word' id='word_1_250' title='bbox 696 2624 742 2663; x_wconf 89' lang='lat' dir='ltr'><strong>In</strong></span> <span class='ocrx_word' id='word_1_251' title='bbox 775 2624 912 2663; x_wconf 86' lang='lat' dir='ltr'><strong>Photii</strong></span> <span class='ocrx_word' id='word_1_252' title='bbox 946 2624 1080 2676; x_wconf 80' lang='lat' dir='ltr'><strong>glossa</strong></span> <span class='ocrx_word' id='word_1_253' title='bbox 1117 2634 1225 2661; x_wconf 87' lang='lat' dir='ltr'><strong>nunc</strong></span> <span class='ocrx_word' id='word_1_254' title='bbox 1263 2620 1435 2660; x_wconf 82' lang='lat' dir='ltr'><strong>eandem</strong></span> <span class='ocrx_word' id='word_1_255' title='bbox 1464 2618 1652 2658; x_wconf 81' lang='lat' dir='ltr'><strong>emenda-</strong></span> 
     </span>
     <span class='ocr_line' id='line_1_35' title="bbox 325 2675 1544 2730; baseline -0.004 -12"><span class='ocrx_word' id='word_1_256' title='bbox 325 2679 480 2720; x_wconf 83' lang='lat' dir='ltr'><strong>tionem</strong></span> <span class='ocrx_word' id='word_1_257' title='bbox 507 2677 608 2718; x_wconf 85' lang='lat' dir='ltr'><strong>fecit</strong></span> <span class='ocrx_word' id='word_1_258' title='bbox 635 2677 868 2720; x_wconf 85' lang='lat' dir='ltr'><strong>Dindorfius</strong></span> <span class='ocrx_word' id='word_1_259' title='bbox 896 2681 1046 2721; x_wconf 86' lang='lat' dir='ltr'><strong>Aunot.</strong></span> <span class='ocrx_word' id='word_1_260' title='bbox 1077 2678 1128 2721; x_wconf 85' lang='lat' dir='ltr'><strong>ad</strong></span> <span class='ocrx_word' id='word_1_261' title='bbox 1157 2676 1350 2730; x_wconf 88' lang='lat' dir='ltr'><strong>Sophocl.</strong></span> <span class='ocrx_word' id='word_1_262' title='bbox 1378 2688 1420 2728; x_wconf 90' lang='lat' dir='ltr'><strong>p.</strong></span> <span class='ocrx_word' id='word_1_263' title='bbox 1448 2675 1544 2714; x_wconf 79' lang='lat'><strong>2⁰9.</strong></span> 
     </span>
    </p>
   </div>
  </div>
 </body>
</html>
