1702 3190
618 149 929 180 vanescamus,
1469 144 1524 183 67

45 253 229 296 eundem
253 252 335 294 ΧΠ
374 265 416 306 p.
446 252 532 293 538
550 253 589 293 b.
660 252 806 305 Neque
845 252 1035 304 pepercit
1064 251 1275 306 Pnlytioni
1307 249 1352 296 ‘in
1383 253 1522 295 fabula

42 327 191 380 Ἰπνὸς
220 326 250 380 ἢ
279 330 508 384 Παννυχὶς
537 331 734 384 inscripta
772 330 881 384 apud
913 329 1108 370 Photium
1138 332 1238 373 Lex.
1279 346 1321 386 p.
1354 335 1436 375 626
1470 334 1523 375 10

45 406 124 465 οὐχ
153 407 257 466 ὁρᾶς
285 404 356 452 ὅτι
390 409 398 467 Ι
434 407 517 461 τὴν
545 405 856 457 ΙΙουλυτίωνος
885 406 1090 462 κειμένην
1119 403 1367 461 ὑπώβολον.
1397 414 1524 454 Mitto

43 492 136 533 alia.
185 492 356 532 Poetam
385 492 571 545 inprimis
602 492 833 543 elegantem
865 493 906 528 et
935 488 1197 541 ingeniosum
1225 489 1380 541 fuisse,
1412 492 1526 546 frag-

45 575 183 612 menta
213 571 443 612 fabularum
484 573 645 611 docent.
711 569 821 608 Hinc
854 561 1182 616 Ἀττικώτατος
1212 570 1363 609 dicitur
1395 571 1527 610 Athe-

45 663 150 697 naeo
178 650 248 691 lib.
280 651 337 692 V1
375 663 417 702 p.
448 647 570 690 2682
609 653 650 688 et
681 647 921 701 Phrynicho
953 647 1175 699 Sophistae
1206 649 1316 702 apud
1347 647 1526 702 Stepha-

45 741 141 769 num
172 730 343 780 Byzant.
373 741 414 780 p.
445 728 500 767 43
539 731 581 767 et
609 726 780 768 Suidam
818 741 851 767 s.
881 741 921 767 v.
956 720 1213 775 Ἀθηναία.
1279 728 1422 768 Habet
1463 733 1526 769 ta-

43 819 138 848 men
169 807 300 848 oratio
327 806 591 846 Pherecratis
620 808 720 848 satis
751 807 879 847 multa
910 819 1015 858 quae
1053 818 1078 845 a
1113 805 1372 858 reliquorum
1402 807 1526 848 huius

43 886 190 927 aetatis
220 886 471 925 comicorum
508 886 550 926 in
582 886 759 926 dicendo
791 887 1014 927 severitate
1043 884 1185 938 paullo
1215 886 1380 939 longius
1408 901 1527 927 rece-

45 964 158 1011 dant.
215 966 279 1005 Ex
309 965 389 1005 hoc
418 979 595 1018 genere,
634 970 680 1005 ut
709 979 841 1019 pauca
871 966 924 1005 de
953 964 1094 1005 multis
1125 964 1322 1014 afferam,
1362 969 1425 1005 est
1452 971 1527 1018 ‘ge-

40 1044 191 1084 nitivus
219 1038 350 1091 ἁλιῶς
378 1057 454 1096 pro
484 1040 637 1092 ἁλιέως
667 1045 776 1098 apud
806 1045 1034 1085 Grammat.
1067 1044 1244 1096 Seguer.
1272 1058 1315 1097 p.
1346 1044 1430 1084 383
1456 1045 1526 1094 30,

41 1116 202 1162 ἀνθῶν
230 1136 307 1176 pro
339 1117 520 1163 ἀνθέων
558 1124 711 1164 ibidem
740 1138 782 1176 p.
811 1124 897 1163 404
927 1125 997 1173 26,
1041 1118 1252 1176 χολλάδες
1288 1137 1365 1176 pro
1391 1117 1527 1176 χολά-

42 1198 112 1248 δες
141 1202 250 1254 apud
282 1203 607 1243 Grammaticum
638 1202 893 1242 Bachmanni
923 1202 1084 1244 Anecd.
1115 1202 1134 1241 Ι
1169 1215 1211 1254 p.
1241 1202 1326 1241 418
1357 1203 1434 1243 cfr.
1474 1203 1526 1243 ad

40 1279 316 1322 Menandrum
369 1295 410 1333 p.
444 1282 512 1330 11,
552 1276 689 1333 ρὐνὴν
718 1294 794 1334 pro
838 1279 1027 1333 γυναῖκα
1068 1280 1179 1334 apud
1228 1281 1414 1332 Etymol.
1464 1283 1525 1322 M.

40 1371 82 1413 p.
113 1359 196 1399 243
226 1360 280 1399 16
315 1354 375 1408 αἷς
419 1354 588 1399 ἄτοπόν
617 1358 711 1400 ἐστι
739 1354 894 1413 μητέρ’
935 1349 1052 1399 εἶναι
1088 1358 1163 1399 καὶ
1202 1353 1362 1411 γυνήν,
1402 1373 1525 1412 quem

40 1451 203 1487 versum
241 1440 291 1479 ab
329 1441 579 1493 Etymologo
618 1441 678 1480 M.
727 1442 817 1480 sine
860 1440 1042 1479 auctoris
1083 1439 1252 1481 nomine
1294 1439 1464 1478 allatum
1502 1453 1526 1479 e

41 1516 302 1561 Pherecratis
332 1520 561 1572 Crapatalis
592 1519 761 1559 ductum
793 1532 885 1559 esse
916 1520 995 1559 alio
1029 1521 1124 1559 loco
1169 1518 1306 1559 docui.
1377 1520 1525 1559 Rario-

42 1597 156 1640 ribus
185 1599 284 1639 item
314 1598 460 1639 formis
492 1599 765 1639 adnumerare
804 1599 946 1638 licebit
975 1592 1210 1651 ἆ;χάσκειν
1239 1598 1349 1651 apud
1380 1598 1527 1637 Gram-

45 1681 140 1724 mnt.
171 1678 343 1731 Seguer.
384 1693 424 1731 p.
456 1679 540 1718 340
598 1679 671 1728 21,
717 1675 949 1729 ἐττημένος
988 1691 1064 1730 pro
1107 1675 1377 1730 σεσησμένος
1418 1676 1528 1729 apud

43 1754 235 1802 Photium
275 1758 374 1798 Lex.
413 1771 456 1811 p.
487 1759 542 1797 26
582 1760 650 1807 26,
689 1753 888 1796 πασσυδὶ
918 1758 1026 1810 apud
1066 1757 1243 1797 eundem
1283 1770 1325 1808 p.
1356 1756 1438 1795 401
1471 1755 1527 1795 16

45 1846 149 1887 quae
176 1835 308 1877 forma
337 1850 447 1878 nunc
479 1840 603 1885 etiam
620 1813 860 1890 Thucydidi
889 1837 1082 1876 restituta
1112 1839 1191 1875 est.
1254 1836 1385 1875 Porro
1417 1847 1527 1890 τρα-

43 1911 262 1966 πέμπαλιν
290 1929 366 1968 pro
396 1913 604 1965 ἐναντίως
635 1919 736 1958 dixit
766 1917 876 1969 apud
907 1916 1102 1955 Photium
1134 1929 1176 1967 p.
1211 1914 1296 1954 598
1328 1915 1396 1963 11,
1439 1927 1525 1966 μη-

41 1992 133 2047 ῒρὶς
160 2007 236 2047 pro
266 1995 424 2050 πατρὶς
453 1999 554 2039 ibid.
591 2011 633 2050 p.
664 1998 752 2039 268
781 1998 851 2046 20,
905 1989 1180 2043 πλατειάζειν
1218 2006 1295 2046 pro
1333 1988 1525 2048 πλατείᾳ

40 2070 95 2129 πῇ
118 2070 406 2127 χειρὶᾼῑαίειν
440 2078 545 2123 ibid.
585 2091 626 2130 p.
658 2078 742 2117 432
773 2077 842 2126 19,
883 2073 1076 2129 χρῆσται
1106 2087 1180 2128 pro
1206 2067 1420 2127 χρήσεται
1458 2073 1525 2125 vel

36 2148 160 2208 χρεία
189 2149 316 2193 ἔσται
351 2157 461 2208 apud
492 2156 660 2196 Suidam
700 2169 733 2196 s.
771 2168 810 2195 v.
851 2149 956 2207 χρή,
994 2151 1209 2207 ταχέωστὶ
1247 2165 1324 2205 pro
1362 2149 1526 2209 ταχέως

41 2232 150 2285 §pud
179 2233 320 2277 schol.
360 2234 478 2275 Iliad.
522 2228 559 2273 o'
592 2236 647 2274 26
689 2248 738 2274 ex
777 2234 1067 2273 emendatione
1099 2231 1306 2279 Bekkeri‚
1346 2227 1524 2289 θὐμέλη

41 2322 118 2362 pro
162 2306 409 2364 θυλήματα
457 2313 567 2365 apud
610 2313 895 2366 Phrynichum
941 2314 1050 2364 App.
1096 2311 1224 2364 Soph.
1272 2323 1315 2368 p.
1359 2311 1415 2350 42
1453 2309 1524 2370 ²5ae

43 2400 289 2442 quamquam
317 2391 442 2430 etiam
471 2386 717 2442 θυλήματα
749 2392 847 2432 dixit
870 2406 920 2432 ex
941 2395 1053 2432 certa
1073 2390 1360 2435 emendatione
1377 2391 1523 2432 Ruhn-

43 2467 153 2518 kenii
181 2469 223 2509 in
253 2469 346 2514 loco
373 2470 482 2521 apud
502 2469 705 2510 clement.
725 2471 841 2510 Alex.
855 2471 937 2511 Str.
949 2471 1029 2512 VII
1047 2470 1200 2524 p.846‚
1229 2465 1523 2526 κυντερώτερᾳ

43 2558 121 2602 pro
148 2542 331 2602 κύντερα
360 2548 469 2601 apud
499 2548 695 2591 Photium
725 2563 758 2590 s.
787 2565 825 2591 v.
844 2545 1176 2606 Ικυντεροότυιῑτι1
1218 2551 1329 2602 quod
1359 2564 1523 2603 compa-

44 2635 114 2672 τοι
143 2639 237 2671 cum
267 2621 563 2682 ἀμεινότερον,
593 2642 674 2681 quo
706 2630 835 2670 utitur
862 2631 1134 2683 Mimnermus
1165 2630 1274 2682 apud
1297 2629 1522 2683 Stobaeum

45 2703 158 2755 th.
191 2705 270 2756 ‚Vn
309 2706 364 2754 12
393 2701 446 2746 οὗ
475 2702 560 2763 γόῳ
590 2721 654 2759 τις
682 2705 828 2759 κείνου
855 2707 996 2759 ἆηΐων
1026 2705 1090 2750 ἔτ’
1123 2703 1401 2763 ἀμεινὸτερος
1431 2703 1524 2764 ᾳώς

1178 2788 1204 2827 5
1242 2790 1258 2807 ἢ·
