<?xml version="1.0" encoding="UTF-8"?>
<!DOCTYPE html PUBLIC "-//W3C//DTD XHTML 1.0 Transitional//EN"
    "http://www.w3.org/TR/xhtml1/DTD/xhtml1-transitional.dtd">
<html xmlns="http://www.w3.org/1999/xhtml" xml:lang="en" lang="en">
 <head>
  <title>
</title>
<meta http-equiv="Content-Type" content="text/html;charset=utf-8" />
  <meta name='ocr-system' content='tesseract 3.04.00' />
  <meta name='ocr-capabilities' content='ocr_page ocr_carea ocr_par ocr_line ocrx_word'/>
</head>
<body>
  <div class='ocr_page' id='page_1' title='image "./fragmentacomicor01meinuoft_0255.png"; bbox 0 0 1702 3190; ppageno 0'>
   <div class='ocr_carea' id='block_1_1' title="bbox 670 133 1494 180">
    <p class='ocr_par' dir='ltr' id='par_1_1' title="bbox 670 133 1494 180">
     <span class='ocr_line' id='line_1_1' title="bbox 670 133 1494 180; baseline -0.005 -2"><span class='ocrx_word' id='word_1_1' title='bbox 670 149 885 178; x_wconf 70' lang='lat' dir='ltr'>eru-rus.</span> <span class='ocrx_word' id='word_1_2' title='bbox 1406 133 1494 180; x_wconf 72' lang='lat'>233</span> 
     </span>
    </p>
   </div>
   <div class='ocr_carea' id='block_1_2' title="bbox 0 247 1527 2753">
    <p class='ocr_par' dir='ltr' id='par_1_2' title="bbox 27 247 1501 773">
     <span class='ocr_line' id='line_1_2' title="bbox 136 247 1495 303; baseline -0.006 -8"><span class='ocrx_word' id='word_1_3' title='bbox 136 252 310 302; x_wconf 86' lang='lat' dir='ltr'>Similis,</span> <span class='ocrx_word' id='word_1_4' title='bbox 351 254 399 291; x_wconf 89' lang='lat' dir='ltr'>ut</span> <span class='ocrx_word' id='word_1_5' title='bbox 441 250 629 301; x_wconf 85' lang='lat' dir='ltr'>videtur,</span> <span class='ocrx_word' id='word_1_6' title='bbox 677 248 1083 303; x_wconf 80' lang='lat' dir='ltr'>Myrmidonum,</span> <span class='ocrx_word' id='word_1_7' title='bbox 1126 247 1495 298; x_wconf 75' lang='lat' dir='ltr'>Philoctetae,</span> 
     </span>
     <span class='ocr_line' id='line_1_3' title="bbox 27 326 1497 380; baseline -0.005 -6"><span class='ocrx_word' id='word_1_8' title='bbox 27 333 466 380; x_wconf 77' lang='lat' dir='ltr'>Phoenissarum,</span> <span class='ocrx_word' id='word_1_9' title='bbox 512 329 693 370; x_wconf 86' lang='lat' dir='ltr'><strong>Troili</strong></span> <span class='ocrx_word' id='word_1_10' title='bbox 728 332 771 368; x_wconf 84' lang='lat' dir='ltr'>et</span> <span class='ocrx_word' id='word_1_11' title='bbox 815 327 1102 379; x_wconf 83' lang='lat' dir='ltr'><strong>Chrysippi</strong></span> <span class='ocrx_word' id='word_1_12' title='bbox 1147 327 1227 366; x_wconf 85' lang='lat' dir='ltr'>fuit</span> <span class='ocrx_word' id='word_1_13' title='bbox 1262 326 1382 366; x_wconf 84' lang='lat' dir='ltr'>ratio.</span> <span class='ocrx_word' id='word_1_14' title='bbox 1448 326 1497 366; x_wconf 88' lang='lat' dir='ltr'>In</span> 
     </span>
     <span class='ocr_line' id='line_1_4' title="bbox 30 404 1499 462; baseline -0.006 -9"><span class='ocrx_word' id='word_1_15' title='bbox 30 411 337 453; x_wconf 83' lang='lat' dir='ltr'>Phoenissis</span> <span class='ocrx_word' id='word_1_16' title='bbox 366 410 534 462; x_wconf 87' lang='lat' dir='ltr'>quidem</span> <span class='ocrx_word' id='word_1_17' title='bbox 563 411 706 461; x_wconf 83' lang='lat' dir='ltr'>aperte</span> <span class='ocrx_word' id='word_1_18' title='bbox 735 408 833 447; x_wconf 90' lang='lat' dir='ltr'>lusit</span> <span class='ocrx_word' id='word_1_19' title='bbox 857 405 1068 458; x_wconf 81' lang='lat' dir='ltr'>Euripidis</span> <span class='ocrx_word' id='word_1_20' title='bbox 1097 404 1294 454; x_wconf 80' lang='lat' dir='ltr'>fabulam,</span> <span class='ocrx_word' id='word_1_21' title='bbox 1323 409 1370 445; x_wconf 91' lang='lat' dir='ltr'>ut</span> <span class='ocrx_word' id='word_1_22' title='bbox 1400 418 1499 444; x_wconf 89' lang='lat' dir='ltr'>con-</span> 
     </span>
     <span class='ocr_line' id='line_1_5' title="bbox 30 483 1500 535; baseline -0.004 -5"><span class='ocrx_word' id='word_1_23' title='bbox 30 495 111 530; x_wconf 83' lang='lat' dir='ltr'>stat</span> <span class='ocrx_word' id='word_1_24' title='bbox 140 490 296 529; x_wconf 88' lang='lat' dir='ltr'>diserto</span> <span class='ocrx_word' id='word_1_25' title='bbox 327 489 562 529; x_wconf 86' lang='lat' dir='ltr'>Aristotelis</span> <span class='ocrx_word' id='word_1_26' title='bbox 601 487 753 526; x_wconf 86' lang='lat' dir='ltr'>indicio</span> <span class='ocrx_word' id='word_1_27' title='bbox 793 486 844 524; x_wconf 92' lang='lat' dir='ltr'>de</span> <span class='ocrx_word' id='word_1_28' title='bbox 874 486 1008 524; x_wconf 88' lang='lat' dir='ltr'>Sensu</span> <span class='ocrx_word' id='word_1_29' title='bbox 1038 497 1077 535; x_wconf 90' lang='lat' dir='ltr'>p.</span> <span class='ocrx_word' id='word_1_30' title='bbox 1107 483 1192 522; x_wconf 72' lang='lat'>443</span> <span class='ocrx_word' id='word_1_31' title='bbox 1232 488 1274 523; x_wconf 89' lang='lat' dir='ltr'>et</span> <span class='ocrx_word' id='word_1_32' title='bbox 1310 498 1360 523; x_wconf 88' lang='lat' dir='ltr'>ex</span> <span class='ocrx_word' id='word_1_33' title='bbox 1396 484 1500 524; x_wconf 86' lang='lat' dir='ltr'>locis</span> 
     </span>
     <span class='ocr_line' id='line_1_6' title="bbox 31 561 1500 621; baseline -0.004 -13"><span class='ocrx_word' id='word_1_34' title='bbox 31 569 141 621; x_wconf 74' lang='lat' dir='ltr'>apud</span> <span class='ocrx_word' id='word_1_35' title='bbox 170 568 428 608; x_wconf 76' lang='lat' dir='ltr'><strong>Athenaeum</strong></span> <span class='ocrx_word' id='word_1_36' title='bbox 460 567 518 608; x_wconf 88' lang='lat' dir='ltr'>IV</span> <span class='ocrx_word' id='word_1_37' title='bbox 546 574 587 618; x_wconf 89' lang='lat' dir='ltr'>p.</span> <span class='ocrx_word' id='word_1_38' title='bbox 620 565 742 604; x_wconf 81' lang='lat' dir='ltr'>16⁰h</span> <span class='ocrx_word' id='word_1_39' title='bbox 772 568 814 602; x_wconf 90' lang='lat' dir='ltr'>et</span> <span class='ocrx_word' id='word_1_40' title='bbox 847 563 1059 603; x_wconf 88' lang='lat' dir='ltr'>Pollucem</span> <span class='ocrx_word' id='word_1_41' title='bbox 1090 561 1148 601; x_wconf 83' lang='lat' dir='ltr'>IX</span> <span class='ocrx_word' id='word_1_42' title='bbox 1180 561 1276 602; x_wconf 79' lang='lat'>124.</span> <span class='ocrx_word' id='word_1_43' title='bbox 1327 563 1416 601; x_wconf 88' lang='lat' dir='ltr'>Nec</span> <span class='ocrx_word' id='word_1_44' title='bbox 1446 563 1500 602; x_wconf 88' lang='lat' dir='ltr'>de</span> 
     </span>
     <span class='ocr_line' id='line_1_7' title="bbox 33 641 1501 696; baseline -0.005 -8"><span class='ocrx_word' id='word_1_45' title='bbox 33 647 216 688; x_wconf 83' lang='lat' dir='ltr'>Troilo</span> <span class='ocrx_word' id='word_1_46' title='bbox 258 645 435 685; x_wconf 79' lang='lat' dir='ltr'>dubitari</span> <span class='ocrx_word' id='word_1_47' title='bbox 472 647 631 696; x_wconf 89' lang='lat' dir='ltr'>potest,</span> <span class='ocrx_word' id='word_1_48' title='bbox 668 646 716 682; x_wconf 90' lang='lat' dir='ltr'>ut</span> <span class='ocrx_word' id='word_1_49' title='bbox 756 641 880 681; x_wconf 87' lang='lat' dir='ltr'>docet</span> <span class='ocrx_word' id='word_1_50' title='bbox 917 641 1196 693; x_wconf 80' lang='lat' dir='ltr'><strong>fragmentum</strong></span> <span class='ocrx_word' id='word_1_51' title='bbox 1227 641 1337 694; x_wconf 80' lang='lat' dir='ltr'>apud</span> <span class='ocrx_word' id='word_1_52' title='bbox 1367 641 1501 682; x_wconf 86' lang='lat' dir='ltr'>Scho-</span> 
     </span>
     <span class='ocr_line' id='line_1_8' title="bbox 31 721 828 773; baseline -0.005 -9"><span class='ocrx_word' id='word_1_53' title='bbox 31 724 194 764; x_wconf 72' lang='lat' dir='ltr'>uastam</span> <span class='ocrx_word' id='word_1_54' title='bbox 222 722 509 773; x_wconf 79' lang='lat' dir='ltr'>Aristophanis</span> <span class='ocrx_word' id='word_1_55' title='bbox 539 721 666 773; x_wconf 86' lang='lat' dir='ltr'>Vesp.</span> <span class='ocrx_word' id='word_1_56' title='bbox 696 721 828 760; x_wconf 83' lang='lat'><strong>1337:</strong></span> 
     </span>
    </p>

    <p class='ocr_par' dir='ltr' id='par_1_3' title="bbox 141 787 1402 856">
     <span class='ocr_line' id='line_1_9' title="bbox 141 787 1402 856; baseline -0.002 -17"><span class='ocrx_word' id='word_1_57' title='bbox 141 789 169 850; x_wconf 82' lang='grc' dir='ltr'><em>ἧ</em></span> <span class='ocrx_word' id='word_1_58' title='bbox 199 800 310 853; x_wconf 81' lang='lat' dir='ltr'>(leg.</span> <span class='ocrx_word' id='word_1_59' title='bbox 340 788 395 856; x_wconf 79' lang='grc' dir='ltr'>ᾗ)</span> <span class='ocrx_word' id='word_1_60' title='bbox 424 793 600 852; x_wconf 77' lang='grc' dir='ltr'><strong><em>μήποτ’,</em></strong></span> <span class='ocrx_word' id='word_1_61' title='bbox 629 787 662 837; x_wconf 75' lang='grc' dir='ltr'><em>ὦ</em></span> <span class='ocrx_word' id='word_1_62' title='bbox 686 799 775 839; x_wconf 86' lang='grc' dir='ltr'><strong><em>παῖ’</em></strong></span> <span class='ocrx_word' id='word_1_63' title='bbox 798 792 956 848; x_wconf 75' lang='grc' dir='ltr'><strong><em>Ζηνός,</em></strong></span> <span class='ocrx_word' id='word_1_64' title='bbox 986 795 1029 846; x_wconf 77' lang='grc' dir='ltr'>ἐς</span> <span class='ocrx_word' id='word_1_65' title='bbox 1057 793 1221 837; x_wconf 77' lang='grc' dir='ltr'><strong><em>τὰυτὸν</em></strong></span> <span class='ocrx_word' id='word_1_66' title='bbox 1237 795 1402 855; x_wconf 75' lang='grc' dir='ltr'><em>μόλῃς,</em></span> 
     </span>
    </p>

    <p class='ocr_par' dir='ltr' id='par_1_4' title="bbox 142 873 1164 932">
     <span class='ocr_line' id='line_1_10' title="bbox 142 873 1164 932; baseline -0.001 -15"><span class='ocrx_word' id='word_1_67' title='bbox 142 873 255 917; x_wconf 79' lang='grc' dir='ltr'><em>ἀλλὰ</em></span> <span class='ocrx_word' id='word_1_68' title='bbox 283 875 512 932; x_wconf 78' lang='grc' dir='ltr'><strong><em>παραδοὺς</em></strong></span> <span class='ocrx_word' id='word_1_69' title='bbox 541 878 631 926; x_wconf 83' lang='grc' dir='ltr'><strong><em>τοῖς</em></strong></span> <span class='ocrx_word' id='word_1_70' title='bbox 660 874 871 930; x_wconf 83' lang='grc' dir='ltr'><em>Λεσβίοις</em></span> <span class='ocrx_word' id='word_1_71' title='bbox 896 874 1070 932; x_wconf 74' lang='grc' dir='ltr'><strong><em>χαίρειν</em></strong></span> <span class='ocrx_word' id='word_1_72' title='bbox 1099 874 1164 917; x_wconf 84' lang='grc' dir='ltr'>ἔα.</span> 
     </span>
    </p>

    <p class='ocr_par' dir='ltr' id='par_1_5' title="bbox 27 955 1518 2114">
     <span class='ocr_line' id='line_1_11' title="bbox 35 955 1502 1011; baseline -0.002 -13"><span class='ocrx_word' id='word_1_73' title='bbox 35 959 217 1011; x_wconf 74' lang='lat' dir='ltr'>Quorum</span> <span class='ocrx_word' id='word_1_74' title='bbox 254 970 447 998; x_wconf 84' lang='lat' dir='ltr'>versuum</span> <span class='ocrx_word' id='word_1_75' title='bbox 483 959 600 1011; x_wconf 85' lang='lat' dir='ltr'>prior</span> <span class='ocrx_word' id='word_1_76' title='bbox 639 957 818 998; x_wconf 79' lang='lat' dir='ltr'>fortasse</span> <span class='ocrx_word' id='word_1_77' title='bbox 857 971 881 998; x_wconf 93' lang='lat' dir='ltr'>e</span> <span class='ocrx_word' id='word_1_78' title='bbox 915 958 1136 1010; x_wconf 88' lang='lat' dir='ltr'>Sophoclis</span> <span class='ocrx_word' id='word_1_79' title='bbox 1167 956 1313 996; x_wconf 89' lang='lat' dir='ltr'>Troilo</span> <span class='ocrx_word' id='word_1_80' title='bbox 1355 955 1502 995; x_wconf 88' lang='lat' dir='ltr'>ductus</span> 
     </span>
     <span class='ocr_line' id='line_1_12' title="bbox 36 1034 1505 1090; baseline -0.003 -12"><span class='ocrx_word' id='word_1_81' title='bbox 36 1042 112 1078; x_wconf 71' lang='lat' dir='ltr'>est.</span> <span class='ocrx_word' id='word_1_82' title='bbox 178 1038 559 1090; x_wconf 82' lang='lat' dir='ltr'>Myrmidonum</span> <span class='ocrx_word' id='word_1_83' title='bbox 599 1038 766 1077; x_wconf 83' lang='lat' dir='ltr'>titulum</span> <span class='ocrx_word' id='word_1_84' title='bbox 803 1037 957 1077; x_wconf 78' lang='lat' dir='ltr'>frustra</span> <span class='ocrx_word' id='word_1_85' title='bbox 987 1039 1197 1089; x_wconf 85' lang='lat' dir='ltr'>suspectat</span> <span class='ocrx_word' id='word_1_86' title='bbox 1227 1034 1505 1075; x_wconf 89' lang='lat' dir='ltr'>Hemsterhu-</span> 
     </span>
     <span class='ocr_line' id='line_1_13' title="bbox 36 1108 1505 1170; baseline -0.005 -13"><span class='ocrx_word' id='word_1_87' title='bbox 36 1117 120 1158; x_wconf 74' lang='lat' dir='ltr'>sius</span> <span class='ocrx_word' id='word_1_88' title='bbox 160 1117 211 1157; x_wconf 80' lang='lat' dir='ltr'>ad</span> <span class='ocrx_word' id='word_1_89' title='bbox 250 1117 409 1157; x_wconf 87' lang='lat' dir='ltr'>Polluc.</span> <span class='ocrx_word' id='word_1_90' title='bbox 441 1117 500 1156; x_wconf 91' lang='lat' dir='ltr'>IX</span> <span class='ocrx_word' id='word_1_91' title='bbox 534 1117 585 1156; x_wconf 80' lang='lat'>78</span> <span class='ocrx_word' id='word_1_92' title='bbox 625 1117 694 1169; x_wconf 89' lang='lat' dir='ltr'>qui</span> <span class='ocrx_word' id='word_1_93' title='bbox 732 1110 1041 1170; x_wconf 79' lang='grc' dir='ltr'><strong><em>Μυρμηὸόνας</em></strong></span> <span class='ocrx_word' id='word_1_94' title='bbox 1081 1115 1124 1155; x_wconf 88' lang='lat' dir='ltr'>h.</span> <span class='ocrx_word' id='word_1_95' title='bbox 1163 1128 1200 1154; x_wconf 87' lang='lat' dir='ltr'>e.</span> <span class='ocrx_word' id='word_1_96' title='bbox 1240 1108 1505 1166; x_wconf 65' lang='lat' dir='ltr'>Mzi9w22ag,</span> 
     </span>
     <span class='ocr_line' id='line_1_14' title="bbox 35 1192 1506 1249; baseline -0.001 -15"><span class='ocrx_word' id='word_1_97' title='bbox 35 1200 83 1239; x_wconf 82' lang='lat' dir='ltr'>ut</span> <span class='ocrx_word' id='word_1_98' title='bbox 117 1195 354 1249; x_wconf 77' lang='lat' dir='ltr'>Hesychius</span> <span class='ocrx_word' id='word_1_99' title='bbox 393 1197 711 1248; x_wconf 83' lang='lat' dir='ltr'><strong>interpretatur,</strong></span> <span class='ocrx_word' id='word_1_100' title='bbox 758 1195 924 1236; x_wconf 85' lang='lat' dir='ltr'>fabulae</span> <span class='ocrx_word' id='word_1_101' title='bbox 963 1207 1114 1234; x_wconf 90' lang='lat' dir='ltr'>nomen</span> <span class='ocrx_word' id='word_1_102' title='bbox 1156 1193 1287 1232; x_wconf 83' lang='lat' dir='ltr'>fuisse</span> <span class='ocrx_word' id='word_1_103' title='bbox 1326 1192 1506 1232; x_wconf 85' lang='lat' dir='ltr'>coniicit.</span> 
     </span>
     <span class='ocr_line' id='line_1_15' title="bbox 37 1256 1510 1328; baseline -0.004 -14"><span class='ocrx_word' id='word_1_104' title='bbox 37 1274 144 1315; x_wconf 76' lang='lat' dir='ltr'>Sane</span> <span class='ocrx_word' id='word_1_105' title='bbox 175 1269 424 1328; x_wconf 82' lang='grc' dir='ltr'><strong><em>Μύρμηκας</em></strong></span> <span class='ocrx_word' id='word_1_106' title='bbox 453 1275 642 1314; x_wconf 82' lang='lat' dir='ltr'>docuisse</span> <span class='ocrx_word' id='word_1_107' title='bbox 672 1274 865 1314; x_wconf 86' lang='lat' dir='ltr'>feruntur</span> <span class='ocrx_word' id='word_1_108' title='bbox 895 1274 1014 1314; x_wconf 83' lang='lat' dir='ltr'>Plato</span> <span class='ocrx_word' id='word_1_109' title='bbox 1045 1256 1346 1320; x_wconf 57' lang='lat' dir='ltr'>et‘Cantharus,</span> <span class='ocrx_word' id='word_1_110' title='bbox 1378 1265 1510 1322; x_wconf 63' lang='grc' dir='ltr'><strong><em>ΒΙὺρ-</em></strong></span> 
     </span>
     <span class='ocr_line' id='line_1_16' title="bbox 34 1332 1510 1408; baseline -0.004 -13"><span class='ocrx_word' id='word_1_111' title='bbox 34 1367 155 1408; x_wconf 85' lang='grc' dir='ltr'><strong><em>μηκα</em></strong></span> <span class='ocrx_word' id='word_1_112' title='bbox 199 1354 472 1408; x_wconf 89' lang='lat' dir='ltr'>Posidippus‚</span> <span class='ocrx_word' id='word_1_113' title='bbox 526 1332 996 1407; x_wconf 53' lang='lat' dir='ltr'>Illvgipmxavffpw&#39;novg</span> <span class='ocrx_word' id='word_1_114' title='bbox 1046 1352 1336 1391; x_wconf 78' lang='lat' dir='ltr'>Pherecrates.</span> <span class='ocrx_word' id='word_1_115' title='bbox 1423 1349 1510 1389; x_wconf 87' lang='lat' dir='ltr'>Sed</span> 
     </span>
     <span class='ocr_line' id='line_1_17' title="bbox 27 1429 1509 1488; baseline -0.005 -13"><span class='ocrx_word' id='word_1_116' title='bbox 27 1429 332 1488; x_wconf 67' lang='lat' dir='ltr'>‚D1v9paecddvag</span> <span class='ocrx_word' id='word_1_117' title='bbox 368 1435 534 1486; x_wconf 88' lang='lat' dir='ltr'>scripsit</span> <span class='ocrx_word' id='word_1_118' title='bbox 576 1435 700 1477; x_wconf 78' lang='lat' dir='ltr'>etiam</span> <span class='ocrx_word' id='word_1_119' title='bbox 737 1434 970 1474; x_wconf 86' lang='lat' dir='ltr'>Philemon.</span> <span class='ocrx_word' id='word_1_120' title='bbox 1045 1431 1297 1472; x_wconf 85' lang='lat' dir='ltr'>Strattideae</span> <span class='ocrx_word' id='word_1_121' title='bbox 1342 1429 1509 1469; x_wconf 83' lang='lat' dir='ltr'>fabulae</span> 
     </span>
     <span class='ocr_line' id='line_1_18' title="bbox 39 1511 1511 1566; baseline -0.006 -10"><span class='ocrx_word' id='word_1_122' title='bbox 39 1524 166 1557; x_wconf 75' lang='lat' dir='ltr'>linum</span> <span class='ocrx_word' id='word_1_123' title='bbox 203 1514 397 1554; x_wconf 77' lang='lat' dir='ltr'><strong>duntaxat</strong></span> <span class='ocrx_word' id='word_1_124' title='bbox 433 1513 711 1566; x_wconf 82' lang='lat' dir='ltr'>fragmentum</span> <span class='ocrx_word' id='word_1_125' title='bbox 750 1516 959 1552; x_wconf 82' lang='lat' dir='ltr'>servatum</span> <span class='ocrx_word' id='word_1_126' title='bbox 1005 1516 1089 1561; x_wconf 86' lang='lat' dir='ltr'>est,</span> <span class='ocrx_word' id='word_1_127' title='bbox 1134 1511 1176 1550; x_wconf 89' lang='lat' dir='ltr'>in</span> <span class='ocrx_word' id='word_1_128' title='bbox 1217 1523 1298 1562; x_wconf 88' lang='lat' dir='ltr'>quo</span> <span class='ocrx_word' id='word_1_129' title='bbox 1337 1513 1511 1562; x_wconf 88' lang='lat' dir='ltr'>propter</span> 
     </span>
     <span class='ocr_line' id='line_1_19' title="bbox 41 1588 1513 1645; baseline -0.005 -10"><span class='ocrx_word' id='word_1_130' title='bbox 41 1593 305 1635; x_wconf 86' lang='lat' dir='ltr'>immodicum</span> <span class='ocrx_word' id='word_1_131' title='bbox 336 1593 578 1633; x_wconf 82' lang='lat' dir='ltr'>balneorum</span> <span class='ocrx_word' id='word_1_132' title='bbox 607 1605 729 1632; x_wconf 89' lang='lat' dir='ltr'>usum</span> <span class='ocrx_word' id='word_1_133' title='bbox 759 1593 1096 1645; x_wconf 85' lang='lat' dir='ltr'>perstringuntur</span> <span class='ocrx_word' id='word_1_134' title='bbox 1108 1591 1310 1643; x_wconf 83' lang='lat' dir='ltr'><strong>Byzantii.</strong></span> <span class='ocrx_word' id='word_1_135' title='bbox 1339 1590 1391 1630; x_wconf 93' lang='lat' dir='ltr'>V.</span> <span class='ocrx_word' id='word_1_136' title='bbox 1413 1588 1513 1628; x_wconf 91' lang='lat' dir='ltr'>Pol-</span> 
     </span>
     <span class='ocr_line' id='line_1_20' title="bbox 41 1669 1514 1722; baseline -0.005 -9"><span class='ocrx_word' id='word_1_137' title='bbox 41 1672 124 1714; x_wconf 77' lang='lat' dir='ltr'>luc.</span> <span class='ocrx_word' id='word_1_138' title='bbox 154 1674 183 1713; x_wconf 89' lang='lat' dir='ltr'>l.</span> <span class='ocrx_word' id='word_1_139' title='bbox 212 1673 241 1713; x_wconf 87' lang='lat'>1.</span> <span class='ocrx_word' id='word_1_140' title='bbox 270 1673 607 1712; x_wconf 87' lang='lat' dir='ltr'>Philoctetes</span> <span class='ocrx_word' id='word_1_141' title='bbox 638 1672 700 1711; x_wconf 88' lang='lat' dir='ltr'>bis</span> <span class='ocrx_word' id='word_1_142' title='bbox 729 1671 933 1720; x_wconf 81' lang='lat' dir='ltr'>laudatur,</span> <span class='ocrx_word' id='word_1_143' title='bbox 963 1672 1115 1711; x_wconf 88' lang='lat' dir='ltr'>Athen.</span> <span class='ocrx_word' id='word_1_144' title='bbox 1133 1670 1212 1712; x_wconf 82' lang='lat' dir='ltr'>Vll</span> <span class='ocrx_word' id='word_1_145' title='bbox 1243 1683 1285 1722; x_wconf 89' lang='lat' dir='ltr'>p.</span> <span class='ocrx_word' id='word_1_146' title='bbox 1316 1669 1442 1708; x_wconf 80' lang='lat' dir='ltr'>327e</span> <span class='ocrx_word' id='word_1_147' title='bbox 1472 1671 1514 1707; x_wconf 88' lang='lat' dir='ltr'>et</span> 
     </span>
     <span class='ocr_line' id='line_1_21' title="bbox 43 1747 1512 1803; baseline -0.004 -10"><span class='ocrx_word' id='word_1_148' title='bbox 43 1750 202 1793; x_wconf 82' lang='lat' dir='ltr'>Polluc.</span> <span class='ocrx_word' id='word_1_149' title='bbox 233 1752 312 1793; x_wconf 80' lang='lat' dir='ltr'>vn</span> <span class='ocrx_word' id='word_1_150' title='bbox 342 1751 437 1791; x_wconf 67' lang='lat'>134.</span> <span class='ocrx_word' id='word_1_151' title='bbox 508 1752 655 1802; x_wconf 84' lang='lat' dir='ltr'>Neque</span> <span class='ocrx_word' id='word_1_152' title='bbox 684 1750 944 1803; x_wconf 83' lang='lat' dir='ltr'>frequentior</span> <span class='ocrx_word' id='word_1_153' title='bbox 975 1749 1263 1802; x_wconf 83' lang='lat' dir='ltr'>Chrysippi</span> <span class='ocrx_word' id='word_1_154' title='bbox 1301 1747 1512 1787; x_wconf 82' lang='lat' dir='ltr'>memoria.</span> 
     </span>
     <span class='ocr_line' id='line_1_22' title="bbox 45 1825 1516 1872; baseline -0.006 0"><span class='ocrx_word' id='word_1_155' title='bbox 45 1830 98 1872; x_wconf 84' lang='lat' dir='ltr'>V.</span> <span class='ocrx_word' id='word_1_156' title='bbox 123 1831 274 1872; x_wconf 85' lang='lat' dir='ltr'>Athen.</span> <span class='ocrx_word' id='word_1_157' title='bbox 306 1830 363 1871; x_wconf 91' lang='lat' dir='ltr'>1V</span> <span class='ocrx_word' id='word_1_158' title='bbox 394 1831 475 1869; x_wconf 82' lang='lat'>169</span> <span class='ocrx_word' id='word_1_159' title='bbox 507 1835 549 1869; x_wconf 92' lang='lat' dir='ltr'>et</span> <span class='ocrx_word' id='word_1_160' title='bbox 570 1830 729 1870; x_wconf 89' lang='lat' dir='ltr'>Polluc.</span> <span class='ocrx_word' id='word_1_161' title='bbox 749 1830 787 1870; x_wconf 88' lang='lat' dir='ltr'>X</span> <span class='ocrx_word' id='word_1_162' title='bbox 816 1829 885 1869; x_wconf 87' lang='lat'>55.</span> <span class='ocrx_word' id='word_1_163' title='bbox 918 1830 1049 1870; x_wconf 80' lang='lat' dir='ltr'>Plane</span> <span class='ocrx_word' id='word_1_164' title='bbox 1080 1831 1281 1869; x_wconf 86' lang='lat' dir='ltr'>obscurus</span> <span class='ocrx_word' id='word_1_165' title='bbox 1314 1831 1377 1866; x_wconf 86' lang='lat' dir='ltr'>est</span> <span class='ocrx_word' id='word_1_166' title='bbox 1407 1825 1457 1864; x_wconf 91' lang='lat' dir='ltr'>Il</span> <span class='ocrx_word' id='word_1_167' title='bbox 1470 1838 1516 1864; x_wconf 84' lang='lat' dir='ltr'>v-</span> 
     </span>
     <span class='ocr_line' id='line_1_23' title="bbox 47 1903 1516 1962; baseline -0.001 -15"><span class='ocrx_word' id='word_1_168' title='bbox 47 1903 202 1947; x_wconf 72' lang='grc' dir='ltr'><strong><em>τίσου</em></strong></span> <span class='ocrx_word' id='word_1_169' title='bbox 236 1908 402 1948; x_wconf 82' lang='lat' dir='ltr'>fabulae</span> <span class='ocrx_word' id='word_1_170' title='bbox 442 1909 566 1950; x_wconf 83' lang='lat' dir='ltr'>index</span> <span class='ocrx_word' id='word_1_171' title='bbox 612 1910 722 1962; x_wconf 79' lang='lat' dir='ltr'>apud</span> <span class='ocrx_word' id='word_1_172' title='bbox 763 1908 1036 1950; x_wconf 85' lang='lat' dir='ltr'>Scholiastam</span> <span class='ocrx_word' id='word_1_173' title='bbox 1081 1907 1370 1961; x_wconf 85' lang='lat' dir='ltr'>Aristophanis</span> <span class='ocrx_word' id='word_1_174' title='bbox 1414 1906 1443 1946; x_wconf 91' lang='lat' dir='ltr'>l.</span> <span class='ocrx_word' id='word_1_175' title='bbox 1487 1907 1516 1946; x_wconf 91' lang='lat' dir='ltr'>l.</span> 
     </span>
     <span class='ocr_line' id='line_1_24' title="bbox 48 1987 1518 2042; baseline -0.001 -15"><span class='ocrx_word' id='word_1_176' title='bbox 48 1999 124 2040; x_wconf 83' lang='lat' dir='ltr'>pro</span> <span class='ocrx_word' id='word_1_177' title='bbox 154 2000 234 2040; x_wconf 88' lang='lat' dir='ltr'>quo</span> <span class='ocrx_word' id='word_1_178' title='bbox 250 1988 516 2028; x_wconf 72' lang='lat' dir='ltr'>casaubonus</span> <span class='ocrx_word' id='word_1_179' title='bbox 545 1987 597 2026; x_wconf 89' lang='lat' dir='ltr'>ad</span> <span class='ocrx_word' id='word_1_180' title='bbox 612 1988 873 2029; x_wconf 85' lang='lat' dir='ltr'>Athenaeum</span> <span class='ocrx_word' id='word_1_181' title='bbox 888 1990 969 2031; x_wconf 89' lang='lat' dir='ltr'>V11</span> <span class='ocrx_word' id='word_1_182' title='bbox 1000 2003 1043 2042; x_wconf 88' lang='lat' dir='ltr'>p.</span> <span class='ocrx_word' id='word_1_183' title='bbox 1074 1989 1158 2030; x_wconf 78' lang='lat'>327</span> <span class='ocrx_word' id='word_1_184' title='bbox 1176 2001 1212 2028; x_wconf 87' lang='lat' dir='ltr'>e.</span> <span class='ocrx_word' id='word_1_185' title='bbox 1242 1999 1388 2040; x_wconf 86' lang='lat' dir='ltr'>parum</span> <span class='ocrx_word' id='word_1_186' title='bbox 1419 1999 1518 2038; x_wconf 83' lang='lat' dir='ltr'>pro-</span> 
     </span>
     <span class='ocr_line' id='line_1_25' title="bbox 50 2062 982 2114; baseline 0 -6"><span class='ocrx_word' id='word_1_187' title='bbox 50 2067 245 2108; x_wconf 71' lang='lat' dir='ltr'>habiliter</span> <span class='ocrx_word' id='word_1_188' title='bbox 273 2062 470 2113; x_wconf 82' lang='grc' dir='ltr'><strong><em>Πίτυλος</em></strong></span> <span class='ocrx_word' id='word_1_189' title='bbox 498 2067 761 2114; x_wconf 77' lang='lat' dir='ltr'>scribendum</span> <span class='ocrx_word' id='word_1_190' title='bbox 792 2068 982 2109; x_wconf 90' lang='lat' dir='ltr'>coniecit.</span> 
     </span>
    </p>

    <p class='ocr_par' dir='ltr' id='par_1_6' title="bbox 162 2141 1519 2198">
     <span class='ocr_line' id='line_1_26' title="bbox 162 2141 1519 2198; baseline -0.002 -13"><span class='ocrx_word' id='word_1_191' title='bbox 162 2141 488 2198; x_wconf 80' lang='grc' dir='ltr'><strong><em>Ποταμίους</em></strong></span> <span class='ocrx_word' id='word_1_192' title='bbox 525 2149 620 2183; x_wconf 85' lang='lat' dir='ltr'>ante</span> <span class='ocrx_word' id='word_1_193' title='bbox 651 2146 816 2198; x_wconf 81' lang='lat' dir='ltr'>Olymp.</span> <span class='ocrx_word' id='word_1_194' title='bbox 848 2147 964 2186; x_wconf 88' lang='lat' dir='ltr'>XCll</span> <span class='ocrx_word' id='word_1_195' title='bbox 995 2147 1023 2186; x_wconf 83' lang='lat'><strong>4</strong></span> <span class='ocrx_word' id='word_1_196' title='bbox 1055 2149 1188 2185; x_wconf 78' lang='lat' dir='ltr'>actam</span> <span class='ocrx_word' id='word_1_197' title='bbox 1232 2158 1325 2185; x_wconf 87' lang='lat' dir='ltr'>esse</span> <span class='ocrx_word' id='word_1_198' title='bbox 1362 2144 1519 2184; x_wconf 88' lang='lat' dir='ltr'>intelli-</span> 
     </span>
    </p>

    <p class='ocr_par' dir='ltr' id='par_1_7' title="bbox 0 2218 1524 2440">
     <span class='ocr_line' id='line_1_27' title="bbox 0 2218 1524 2286; baseline 0 -24"><span class='ocrx_word' id='word_1_199' title='bbox 0 2226 5 2286; x_wconf 45' lang='lat'><em>}</em></span> <span class='ocrx_word' id='word_1_200' title='bbox 53 2225 164 2276; x_wconf 80' lang='lat' dir='ltr'>gitur</span> <span class='ocrx_word' id='word_1_201' title='bbox 193 2236 217 2263; x_wconf 90' lang='lat' dir='ltr'>e</span> <span class='ocrx_word' id='word_1_202' title='bbox 243 2223 411 2262; x_wconf 85' lang='lat' dir='ltr'>scholiis</span> <span class='ocrx_word' id='word_1_203' title='bbox 438 2222 725 2274; x_wconf 83' lang='lat' dir='ltr'>Aristophanis</span> <span class='ocrx_word' id='word_1_204' title='bbox 756 2224 866 2264; x_wconf 88' lang='lat' dir='ltr'>Plut.</span> <span class='ocrx_word' id='word_1_205' title='bbox 897 2224 1007 2263; x_wconf 88' lang='grc'><strong>1195</strong></span> <span class='ocrx_word' id='word_1_206' title='bbox 1045 2218 1070 2263; x_wconf 85' lang='grc' dir='ltr'><em>ὁ</em></span> <span class='ocrx_word' id='word_1_207' title='bbox 1107 2218 1374 2276; x_wconf 74' lang='grc' dir='ltr'><em>Λυκόφρων,</em></span> <span class='ocrx_word' id='word_1_208' title='bbox 1400 2218 1470 2276; x_wconf 53' lang='grc' dir='ltr'>Δὡς</span> <span class='ocrx_word' id='word_1_209' title='bbox 1499 2222 1524 2262; x_wconf 87' lang='grc' dir='ltr'>ὁ</span> 
     </span>
     <span class='ocr_line' id='line_1_28' title="bbox 0 2291 1519 2370; baseline 0.002 -31"><span class='ocrx_word' id='word_1_210' title='bbox 0 2291 4 2370; x_wconf 58' lang='grc' dir='ltr'>ἱ</span> <span class='ocrx_word' id='word_1_211' title='bbox 52 2296 386 2355; x_wconf 74' lang='grc' dir='ltr'><strong><em>Ἐρατοσθένης</em></strong></span> <span class='ocrx_word' id='word_1_212' title='bbox 415 2296 573 2354; x_wconf 62' lang='grc' dir='ltr'><strong><em>φησίν,</em></strong></span> <span class='ocrx_word' id='word_1_213' title='bbox 604 2296 737 2356; x_wconf 73' lang='grc' dir='ltr'><em>ᾠήθη</em></span> <span class='ocrx_word' id='word_1_214' title='bbox 768 2301 941 2356; x_wconf 76' lang='grc' dir='ltr'><strong><em>πρῶτον</em></strong></span> <span class='ocrx_word' id='word_1_215' title='bbox 970 2299 1129 2341; x_wconf 83' lang='grc' dir='ltr'><strong><em>τοῦτον</em></strong></span> <span class='ocrx_word' id='word_1_216' title='bbox 1157 2302 1519 2355; x_wconf 83' lang='lat' dir='ltr'>(Aristophanem)</span> 
     </span>
     <span class='ocr_line' id='line_1_29' title="bbox 1 2374 1519 2440; baseline 0.003 -21"><span class='ocrx_word' id='word_1_217' title='bbox 1 2375 5 2440; x_wconf 55' lang='grc' dir='ltr'>ᾖ</span> <span class='ocrx_word' id='word_1_218' title='bbox 60 2377 204 2435; x_wconf 75' lang='grc' dir='ltr'><strong><em>δᾷδας</em></strong></span> <span class='ocrx_word' id='word_1_219' title='bbox 230 2374 448 2436; x_wconf 79' lang='grc' dir='ltr'><strong><em>ᾐτηκὲναι.</em></strong></span> <span class='ocrx_word' id='word_1_220' title='bbox 478 2376 683 2428; x_wconf 74' lang='grc' dir='ltr'><strong><em>πεποίηκε</em></strong></span> <span class='ocrx_word' id='word_1_221' title='bbox 715 2378 760 2420; x_wconf 78' lang='grc' dir='ltr'>δὲ</span> <span class='ocrx_word' id='word_1_222' title='bbox 788 2381 866 2422; x_wconf 83' lang='grc' dir='ltr'>καὶ</span> <span class='ocrx_word' id='word_1_223' title='bbox 894 2379 940 2421; x_wconf 78' lang='grc' dir='ltr'>ἐν</span> <span class='ocrx_word' id='word_1_224' title='bbox 960 2376 1376 2430; x_wconf 79' lang='grc' dir='ltr'><strong><em>Ἐκκλησιαζούσαις</em></strong></span> <span class='ocrx_word' id='word_1_225' title='bbox 1393 2377 1519 2424; x_wconf 82' lang='grc' dir='ltr'><strong><em>αὐτό.</em></strong></span> 
     </span>
    </p>

    <p class='ocr_par' dir='ltr' id='par_1_8' title="bbox 4 2453 1527 2753">
     <span class='ocr_line' id='line_1_30' title="bbox 61 2453 1522 2515; baseline 0.001 -17"><span class='ocrx_word' id='word_1_226' title='bbox 61 2453 175 2498; x_wconf 74' lang='grc' dir='ltr'><strong><em>ἀλλὰ</em></strong></span> <span class='ocrx_word' id='word_1_227' title='bbox 212 2454 295 2512; x_wconf 72' lang='grc' dir='ltr'>γὰρ</span> <span class='ocrx_word' id='word_1_228' title='bbox 323 2454 538 2512; x_wconf 81' lang='grc' dir='ltr'><strong><em>Στράττις</em></strong></span> <span class='ocrx_word' id='word_1_229' title='bbox 573 2455 658 2514; x_wconf 81' lang='grc' dir='ltr'>πρὸ</span> <span class='ocrx_word' id='word_1_230' title='bbox 686 2455 949 2515; x_wconf 61' lang='grc' dir='ltr'><strong><em>ἀμφοτέρων</em></strong></span> <span class='ocrx_word' id='word_1_231' title='bbox 988 2455 1153 2499; x_wconf 79' lang='grc' dir='ltr'><strong><em>τούτων</em></strong></span> <span class='ocrx_word' id='word_1_232' title='bbox 1192 2460 1390 2509; x_wconf 89' lang='lat' dir='ltr'>(Plutum</span> <span class='ocrx_word' id='word_1_233' title='bbox 1420 2462 1439 2501; x_wconf 91' lang='grc' dir='ltr'>Ι</span> <span class='ocrx_word' id='word_1_234' title='bbox 1480 2465 1522 2502; x_wconf 91' lang='lat' dir='ltr'>et</span> 
     </span>
     <span class='ocr_line' id='line_1_31' title="bbox 4 2534 1524 2601; baseline 0 -22"><span class='ocrx_word' id='word_1_235' title='bbox 4 2550 7 2601; x_wconf 22' lang='grc' dir='ltr'><strong><em>ἰ</em></strong></span> <span class='ocrx_word' id='word_1_236' title='bbox 61 2538 365 2579; x_wconf 73' lang='lat' dir='ltr'>Ecclesiazusas</span> <span class='ocrx_word' id='word_1_237' title='bbox 403 2538 528 2590; x_wconf 89' lang='lat' dir='ltr'>dicit)</span> <span class='ocrx_word' id='word_1_238' title='bbox 566 2535 667 2586; x_wconf 81' lang='grc' dir='ltr'><strong><em>τοὺς</em></strong></span> <span class='ocrx_word' id='word_1_239' title='bbox 696 2536 957 2592; x_wconf 76' lang='grc' dir='ltr'><strong><em>ῙΙοταμὶους</em></strong></span> <span class='ocrx_word' id='word_1_240' title='bbox 994 2535 1216 2579; x_wconf 80' lang='grc' dir='ltr'><strong><em>διδάσκων</em></strong></span> <span class='ocrx_word' id='word_1_241' title='bbox 1251 2534 1313 2587; x_wconf 68' lang='grc' dir='ltr'>«εἰς</span> <span class='ocrx_word' id='word_1_242' title='bbox 1354 2536 1524 2580; x_wconf 81' lang='grc' dir='ltr'><em>Φιλύλ-</em></span> 
     </span>
     <span class='ocr_line' id='line_1_32' title="bbox 5 2611 1527 2673; baseline 0.004 -19"><span class='ocrx_word' id='word_1_243' title='bbox 5 2633 7 2637; x_wconf 95' lang='grc'><strong><em>·</em></strong></span> <span class='ocrx_word' id='word_1_244' title='bbox 61 2614 158 2655; x_wconf 83' lang='grc' dir='ltr'><strong><em>λιον</em></strong></span> <span class='ocrx_word' id='word_1_245' title='bbox 186 2611 395 2672; x_wconf 72' lang='grc' dir='ltr'><strong><em>ἀναφέρει</em></strong></span> <span class='ocrx_word' id='word_1_246' title='bbox 424 2614 473 2656; x_wconf 89' lang='grc' dir='ltr'>τὸ</span> <span class='ocrx_word' id='word_1_247' title='bbox 503 2615 697 2671; x_wconf 74' lang='grc' dir='ltr'><strong><em>πρᾶγμα,</em></strong></span> <span class='ocrx_word' id='word_1_248' title='bbox 736 2619 824 2660; x_wconf 81' lang='lat' dir='ltr'>Cfr.</span> <span class='ocrx_word' id='word_1_249' title='bbox 854 2621 1035 2660; x_wconf 88' lang='lat' dir='ltr'>Clintoni</span> <span class='ocrx_word' id='word_1_250' title='bbox 1053 2622 1166 2660; x_wconf 81' lang='lat' dir='ltr'>Fast.</span> <span class='ocrx_word' id='word_1_251' title='bbox 1187 2621 1355 2660; x_wconf 85' lang='lat' dir='ltr'>Hellen.</span> <span class='ocrx_word' id='word_1_252' title='bbox 1387 2634 1428 2673; x_wconf 90' lang='lat' dir='ltr'>p.</span> <span class='ocrx_word' id='word_1_253' title='bbox 1443 2621 1527 2660; x_wconf 80' lang='lat'>103</span> 
     </span>
     <span class='ocr_line' id='line_1_33' title="bbox 7 2679 1526 2753; baseline 0.003 -17"><span class='ocrx_word' id='word_1_254' title='bbox 7 2692 9 2697; x_wconf 73' lang='grc'>’</span> <span class='ocrx_word' id='word_1_255' title='bbox 59 2679 136 2737; x_wconf 63' lang='lat' dir='ltr'>Rr.</span> <span class='ocrx_word' id='word_1_256' title='bbox 201 2697 367 2737; x_wconf 85' lang='lat' dir='ltr'>Titulus</span> <span class='ocrx_word' id='word_1_257' title='bbox 402 2696 568 2738; x_wconf 69' lang='lat' dir='ltr'>fabulae</span> <span class='ocrx_word' id='word_1_258' title='bbox 602 2698 757 2740; x_wconf 88' lang='lat' dir='ltr'>inditus</span> <span class='ocrx_word' id='word_1_259' title='bbox 791 2713 816 2739; x_wconf 78' lang='lat' dir='ltr'><strong>a</strong></span> <span class='ocrx_word' id='word_1_260' title='bbox 853 2700 1072 2750; x_wconf 64' lang='lat' dir='ltr'>Petamus,</span> <span class='ocrx_word' id='word_1_261' title='bbox 1117 2700 1272 2753; x_wconf 81' lang='lat' dir='ltr'>phylae</span> <span class='ocrx_word' id='word_1_262' title='bbox 1312 2700 1526 2742; x_wconf 88' lang='lat' dir='ltr'>Leontidis</span> 
     </span>
    </p>
   </div>
  </div>
 </body>
</html>
