1702 3190
223 161 306 204 leo
867 165 1015 199 aare.

222 260 510 318 παλινδορίαν
549 260 713 311 παίσας
746 258 883 303 αἰτοῦ
916 255 1177 312 καταθήσω.
1255 265 1309 305 At
1346 264 1438 306 cod.
1475 259 1663 307 Πλάτων

222 339 502 396 συρφακίσαι,
531 339 854 394 μνωμοχθῆραι
882 337 1157 394 παλινδορία,
1186 341 1294 381 unde
1322 343 1532 395 praeclare
1560 334 1666 383 Porss¹

222 435 344 462 sonus
361 419 670 461 Praef.}1ecub.
701 434 741 471 p.
775 419 905 460 LXIV
935 419 1097 459 elicuit:
1132 413 1323 457 Πλάτων
1349 415 1573 474 Σύρφακι·
1603 419 1660 461 Σὲ

221 497 321 550 μέν,
366 487 400 535 ὦ
435 495 655 551 μοχθηρέ,
700 490 989 549 παλινὸορίαν
1033 491 1198 543 παίσας
1232 490 1368 535 αὐτοῦ
1402 492 1667 546 καταθήσω.»

220 577 395 620 Videtur
423 580 559 615 autem
587 575 666 614 hoc
697 575 834 613 drama
864 586 888 612 e
916 574 1120 625 prioribus
1150 578 1299 627 poetae
1335 575 1499 616 fabulis
1520 576 1663 626 fuisse,

221 654 421 706 siquidem
459 652 690 704 Myniscum
719 651 1053 701 Chalcidensem,
1103 665 1224 705 quem
1262 652 1454 704 Aeschyli
1486 656 1663 695 actorem

219 731 349 774 fuisse
377 733 533 771 constat
561 729 618 779 (v.
650 730 908 771 Hermannus
937 730 990 770 ad
1018 730 1186 771 Aristot.
1215 731 1264 770 A.
1294 730 1412 770 Poet.
1429 730 1586 772 XXVII
1614 732 1663 783 4)

220 810 262 850 in
309 821 357 847 ea
395 812 440 846 ut
475 808 712 848 helluonem
753 808 903 848 lusisse
954 807 1192 859 perbihetur
1230 807 1339 860 apud
1377 801 1528 848 Athen.
1565 809 1662 851 V111
1699 863 1702 865 Β

220 900 262 938 p.
291 885 373 925 344
390 885 417 924 d
467 879 471 882 ⁴

381 957 486 1001 ‘062
513 961 594 1014 μὲν
617 955 939 1013 Ἀναγυράσιος
968 953 1113 1014 ὀρφώς
1140 955 1232 999 ἐστι’
1261 972 1345 1002 σοι.

345 1054 353 1066 ¹
385 1034 524 1093 τούτῳ
554 1034 680 1092 φίλος
709 1034 935 1084 Μυνίσκος
964 1033 1061 1076 ἔσθ’
1094 1032 1117 1075 ὁ
1151 1032 1409 1085 Χαλκιδεύς.

221 1119 291 1158 Sic
320 1118 426 1157 enim
455 1117 546 1156 fere
576 1117 795 1168 legendum
822 1116 997 1155 videtur.
1065 1114 1285 1156 Praeterea
1313 1115 1501 1156 laudatur
1527 1115 1665 1159 fabula

221 1197 270 1236 ab
302 1195 627 1247 Harpocratione
656 1206 689 1234 s.
720 1206 756 1234 v.
786 1188 1056 1238 κατάστασις
1085 1196 1127 1232 et
1154 1193 1366 1233 Athenaeo
1395 1192 1434 1232 X
1462 1206 1502 1246 p.
1532 1194 1614 1233 446
1627 1208 1664 1236 e.
1698 1175 1702 1188 ἱ

332 1274 484 1314 Contra
527 1271 751 1311 serioribus
799 1274 947 1323 poetae
993 1270 1185 1310 dramatis
1241 1282 1322 1309 non
1375 1269 1517 1310 dubito
1567 1273 1664 1323 quin
1693 1310 1702 1327 ἐ

225 1344 382 1390 Φάων
410 1349 617 1389 accenseri
647 1348 806 1396 debeat,
837 1349 952 1388 cuius
979 1347 1157 1397 fabulae,
1187 1347 1236 1386 ab
1257 1347 1489 1389 Andronico
1511 1349 1552 1387 in
1572 1350 1665 1390 Pla-
1696 1388 1701 1391 ,

219 1430 448 1468 tonicorum
484 1428 710 1466 dramatum
743 1438 918 1464 recensu
957 1426 1191 1478 neglectae,
1235 1425 1344 1477 quod
1380 1431 1664 1478 argumentum

220 1506 349 1546 fuerit
378 1505 570 1557 cognosci
599 1504 763 1555 poterit,
791 1503 869 1542 nisi
897 1501 1033 1551 fallor,
1064 1515 1114 1542 ex
1141 1503 1285 1544 Servio
1314 1503 1366 1543 ad
1389 1504 1531 1556 virgil.
1559 1506 1664 1547 Aen.

222 1583 283 1623 111
313 1583 409 1622 279.
442 1595 466 1621 «
483 1582 625 1621 Phaon
655 1594 745 1620 cum
777 1583 887 1620 esset
915 1580 1208 1631 navicularius,
1236 1582 1380 1622 solitus
1409 1594 1433 1621 a
1461 1582 1595 1623 Lesbo
1622 1583 1666 1624 in
1697 1583 1702 1598 ⁷

222 1661 499 1701 continentem
535 1660 741 1712 proximos
770 1671 952 1709 quosque
982 1657 1172 1698 mercede
1211 1659 1494 1708 transvehere,
1530 1659 1665 1702 vene-

221 1751 310 1778 rem
341 1741 534 1778 mutatam
561 1737 604 1777 in
633 1748 732 1776 anus
760 1735 934 1775 formam
973 1737 1099 1788 gratis
1140 1737 1382 1784 transvexit3
1421 1742 1668 1792 quapropter

222 1817 271 1855 ab
302 1829 351 1855 ea
381 1815 552 1855 donatus
584 1815 783 1867 unguenti
811 1814 1032 1862 alabastro,
1071 1827 1163 1854 cum
1192 1827 1238 1854 se
1265 1815 1308 1853 in
1340 1814 1427 1853 dies
1455 1815 1552 1854 inde
1580 1816 1699 1856 tum

222 1899 417 1947 ungeret,
454 1892 655 1932 foeminas
682 1893 724 1931 in
753 1891 816 1931 sui
845 1904 1025 1930 amorem
1054 1892 1292 1931 trahebat.»
1334 1891 1491 1942 Quibus
1520 1893 1667 1934 similia
1687 1904 1695 1917 ³

222 1976 441 2011 narrantur
470 1971 592 2010 etiam
620 1970 670 2008 ab
700 1969 802 2017 aliis,
833 1981 1006 2020 quorum
1037 1970 1266 2009 testimonia
1295 1970 1465 2021 apposui
1495 1970 1545 2009 ad
1574 1970 1667 2010 Me-

222 2049 364 2090 nandr.
394 2061 435 2100 p.
465 2048 559 2095 105,
597 2047 743 2099 quibus
778 2048 884 2087 adde
913 2047 1131 2099 Apuleium
1169 2047 1222 2089 de
1251 2047 1526 2100 Ortliograph.
1556 2061 1598 2100 p.
1625 2049 1668 2090 8»
1692 2069 1693 2074 ¹

224 2127 506 2179 Suspicionem
556 2125 662 2164 hanc
702 2125 854 2177 optime
897 2127 1109 2164 confirmat
1157 2124 1429 2177 fragmentum
1472 2138 1496 2164 e
1531 2125 1694 2173 fabulas

224 2210 362 2245 nostra
400 2208 603 2242 servatum
639 2201 747 2255 apud
784 2204 932 2244 Athen.
972 2203 1010 2242 X
1049 2203 1168 2242 4410
1204 2215 1291 2254 sqq.
1360 2203 1420 2242 lbi
1459 2203 1692 2251 Phaonem:.;

223 2282 420 2322 habemus
447 2281 488 2320 in
517 2281 714 2321 interiore
742 2281 903 2320 aedium
931 2285 1048 2332 parte
1086 2281 1314 2320 inclusum:
1350 2285 1566 2321 accurrunt
1594 2293 1687 2337 uns-3,

227 2361 348 2411 dique
378 2359 569 2399 mulieres
599 2359 771 2399 Veneris
802 2364 939 2398 oestro
969 2359 1148 2411 percitae
1179 2362 1220 2397 et
1249 2371 1340 2397 cum
1372 2358 1539 2398 Phaone
1571 2371 1668 2400 con»-

225 2438 341 2490 gredi
377 2437 614 2489 gestientes.
687 2436 884 2476 Prohibet
922 2448 991 2476 eas
1027 2436 1165 2477 Venus
1202 2430 1510 2488 κουροτρόφος,
1558 2436 1668 2477 haud

225 2515 338 2567 prius
369 2515 519 2553 aditum
551 2513 801 2554 mulierculis
824 2526 1089 2562 concessura,
1118 2514 1195 2552 nisi
1225 2518 1438 2566 postquam
1466 2526 1559 2554 cum
1587 2513 1667 2556 sibi

226 2592 305 2644 ipsi
334 2595 419 2631 tum
437 2591 658 2638 0rthanae,
687 2592 879 2640 Lordoni‚
909 2591 1096 2644 Cybdaso
1125 2591 1308 2642 aliisque,
1338 2603 1438 2642 quos
1469 2604 1667 2632 venereae

227 2669 432 2720 nequitiae
461 2668 660 2707 antistites
690 2670 819 2721 fingit,
850 2670 1112 2709 daemonibus
1143 2681 1257 2709 sacra
1286 2668 1517 2711 obtulerint.
1565 2671 1667 2711 Cum
