1702 3190
1652 40 1691 72 5⁵22.

210 169 295 213 880
848 178 1007 208 araxis.

215 293 260 335 p.
287 279 371 321 70⁰
385 292 422 328 e,
449 271 658 331 ζωδάριον
684 276 792 330 apud
821 278 1029 320 Antiattic.
1059 290 1099 329 p.
1131 278 1185 317 08
1214 278 1256 327 2,
1295 272 1539 333 ὀφθαλμὸν
1565 278 1658 323 ἐπι-ι

216 351 394 410 βάλλειν
423 356 451 396 1.
483 368 520 397 e.
550 352 775 410 περιέργως
804 351 1014 394 θεᾶσθαι
1041 355 1138 396 ibid.
1167 369 1206 407 p.
1238 356 1320 395 110
1351 357 1416 406 15,
1445 355 1659 400 λέπεσθαι

217 434 248 475 i.
286 446 324 474 e.
362 434 616 473 luxuriari
655 434 763 484 apud
800 434 1054 474 Athenaeum
1090 432 1187 473 XIV
1227 446 1266 484 p.
1297 434 1376 473 663
1392 448 1427 484 c,
1471 439 1518 475 ut
1554 439 1660 489 apud

216 510 544 553 Mnesimachum
574 511 773 551 Athenaei
801 512 857 550 IX
886 523 926 561 p.
958 510 1040 548 403
1056 523 1090 557 a,
1131 505 1303 562 μετάβα
1338 512 1524 564 imperat.
1555 516 1661 566 apud

217 588 426 631 Antiattic.
464 602 504 642 p.
535 590 618 628 108
655 589 722 637 10,
770 600 1009 640 quamquam
1067 587 1189 627 etiam
1226 589 1515 640 Aristophanes
1564 592 1661 632 dixit
1679 627 1690 632 ,.

219 661 406 718 κατάβα.
452 665 583 705 Porro
611 659 835 719 ἀπογηρὰς
862 678 935 718 pro
966 658 1282 716 ἆπογηράσκων
1310 665 1417 718 apud
1444 666 1593 706 Athen.
1624 666 1662 708 11

218 756 262 798 p.
290 746 343 784 36
363 745 394 792 f,
422 739 500 795 οὐχ
529 734 623 781 οἷον
652 756 676 782 ιι
689 755 971 795 equaquam
995 741 1101 792 apud
1121 743 1375 783 Athenaeum
1389 743 1444 784 VI
1473 756 1512 794 p.
1543 743 1664 785 244d
1683 748 1697 799 ‚j

220 823 288 863 cll.
317 821 549 873 Phrynicho
580 820 668 859 1301.
698 833 738 871 p.
768 821 863 860 372.
922 819 1127 859 Particula
1157 815 1233 867 ἠδὲ
1264 824 1403 860 contra
1433 803 1697 871 ceterorum}

221 900 469 940 comicorum
505 910 661 936 morem
696 909 794 936 usus
833 910 922 936 esse
959 897 1121 936 videtur
1158 898 1266 949 apud
1303 899 1557 939 Athenaeum
1586 871 1698 1020 VH}

219 989 262 1031 p.
292 977 374 1015 322
391 988 426 1015 c.
485 974 607 1014 Mitto
645 974 741 1022 alia,
773 987 875 1025 quae
906 986 1145 1014 enumerare
1182 975 1348 1027 longum
1377 978 1452 1014 est.
1519 975 1666 1016 Affinis
1693 1019 1696 1037 ξ

222 1053 321 1095 huic
350 1052 492 1105 generi
524 1055 602 1099 est,
632 1064 750 1102 quam
780 1052 819 1090 in
852 1052 1134 1091 nonnullarum
1164 1064 1308 1091 vocum
1339 1054 1561 1104 quantitate
1591 1049 1699 1114 sibl}

223 1131 397 1182 sumpsit
426 1129 644 1169 licentiam.
678 1129 738 1168 Ita
753 1123 963 1180 ἄχρηστος
983 1129 1113 1180 prima
1135 1129 1255 1180 longa
1277 1130 1374 1170 dixit
1399 1132 1504 1182 apud
1519 1133 1666 1174 Athen.
1686 1111 1698 1183 -Ξ

225 1207 245 1248 1
273 1220 314 1259 p.
327 1207 380 1246 40
395 1206 425 1255 f,
457 1200 803 1258 διαπραξάμενος
832 1207 1009 1245 secunda
1039 1206 1160 1258 longa
1183 1207 1287 1258 apud
1303 1207 1522 1248 Stobaeum
1537 1185 1698 1266 Sera-i

223 1284 400 1326 LXVIII
429 1285 455 1323 2
493 1288 534 1323 et
569 1279 674 1321 ἐλάα
710 1283 935 1335 penultima
963 1284 1078 1322 brevi
1107 1283 1213 1334 apud
1242 1284 1391 1324 Athen.
1423 1285 1461 1324 II
1487 1298 1527 1337 p.
1558 1288 1611 1326 60
1631 1301 1666 1337 a,
1691 1280 1699 1326 'i

223 1363 303 1403 nisi
339 1375 389 1401 eo
426 1362 518 1401 loco
553 1358 659 1399 ἐλῶν
695 1361 954 1399 scribendum
989 1373 1064 1412 pro
1103 1356 1254 1400 ἐλαῶν.
1317 1363 1512 1403 Consulto
1552 1350 1698 1406 omisi?

221 1433 352 1489 ’ἥδιον
386 1439 611 1491 penultima
646 1439 760 1478 brevi
795 1439 836 1477 in
866 1439 957 1477 loco
997 1452 1046 1477 ex
1081 1432 1526 1495 Ἀσωτοδιδασκάλῳ,
1565 1456 1699 1494 quae,

223 1518 364 1559 fabula
392 1529 489 1556 num
518 1520 632 1554 recte
662 1516 820 1555 Alexidi
848 1517 1048 1555 tribuatur
1078 1516 1263 1555 dubitare
1291 1516 1398 1557 licet.
1455 1517 1505 1558 V.
1519 1520 1670 1562 Athen.
1696 1548 1699 1555 ι

225 1595 327 1638 VIII
367 1607 407 1646 p.
438 1594 519 1633 336
535 1594 575 1634 b.
652 1593 780 1632 Porro
825 1591 969 1647 ψυγέα
1005 1598 1046 1632 et
1089 1592 1344 1646 στρωματέα
1382 1594 1523 1635 ultima
1559 1597 1698 1641 brevi

225 1672 425 1714 habemus
453 1671 495 1710 in
524 1670 764 1723 fragmentis
793 1683 916 1722 supra
945 1671 1132 1710 indicatis
1156 1685 1195 1723 p.
1212 1672 1309 1712 295.
1367 1673 1522 1713 Eadem
1553 1671 1699 1729 quami}

228 1749 404 1789 orationi
432 1749 647 1788 tribuimus
671 1749 897 1800 elegantiae
924 1749 1010 1788 laus
1031 1749 1203 1788 debetur
1219 1762 1481 1790 numerorum
1510 1753 1699 1794 confor-

227 1826 419 1874 mationi,
458 1838 560 1878 quos
598 1829 708 1866 tanta
749 1829 835 1865 arte
873 1826 1115 1875 elaboravit,
1144 1826 1210 1866 vix
1238 1830 1284 1866 ut
1313 1828 1460 1868 cedere
1489 1828 1699 1882 videaturt

228 1903 506 1955 Aristophani.
543 1906 611 1955 ⁷⁵)
678 1904 788 1942 Usus
828 1907 890 1942 est
918 1908 1053 1942 autem
1083 1907 1246 1954 praeter
1275 1906 1455 1957 vulgaria
1484 1911 1699 1965 νθῑειιιιηιξ

230 1996 385 2036 genera
413 1983 535 2022 etiam
565 1985 695 2020 metro
727 1981 956 2031 Eupolideo
995 1984 1036 2019 et
1072 1981 1316 2022 hexametris
1355 1983 1584 2036 dactylicis,
1622 1968 1699 2036 del

236 2072 316 2112 quo
347 2059 442 2099 vide
472 2071 575 2111 quae
604 2070 726 2110 supra
755 2070 796 2108 p.
827 2058 908 2095 300
939 2057 1123 2098 diximus,
1681 2058 1701 2099 i

343 2136 488 2177 Restat
516 2142 562 2176 ut
590 2134 818 2174 fabularum
848 2134 987 2174 titulos
1015 2147 1319 2185 recenseamuS,
1362 2136 1403 2175 in
1442 2150 1520 2189 quo
1551 2115 1701 2198 ηοω-ἐ

232 2218 321 2256 tum
347 2214 440 2253 fieri
468 2217 604 2265 potest
631 2217 860 2264 temporum
891 2213 1075 2253 ordinem
1106 2225 1336 2263 sequemur.
1382 2215 1445 2254 Ex
1472 2217 1675 2267 prioribus
1689 2205 1700 2251 ι’

234 2293 359 2344 igitur
381 2295 529 2344 poetae
548 2291 676 2330 nostri
706 2290 855 2330 fabulis
885 2290 1014 2330 fuisse
1042 2292 1202 2331 videtur
1222 2285 1541 2342 Ἀποβάτης
1569 2271 1699 2349 apud-²}

235 2371 387 2413 Athen.
417 2369 514 2410 XIV
543 2381 584 2421 p.
614 2369 695 2408 638
712 2380 747 2417 c,
787 2368 858 2407 ubi
887 2368 1015 2419 Argas
1054 2368 1312 2410 citharoedus
1349 2373 1391 2409 et
1418 2376 1540 2424 poeta
1568 2354 1697 2419 comqssf}

301 2571 345 2593 '⁵
330 2569 370 2618 ὗ)
401 2567 598 2633 Vitiosam
629 2579 837 2608 caesuram
875 2571 917 2609 in
953 2569 1044 2608 loco
1075 2569 1182 2632 aput}
1210 2569 1359 2609 Athen.
1389 2569 1466 2610 V11
1497 2583 1536 2621 p.
1561 2549 1686 2609 3242

349 2620 422 2660 ἐπὶ
449 2619 499 2659 τὸ
527 2620 715 2672 τάγηνον
744 2622 862 2672 σίζον
890 2620 1088 2663 ἐπεισιων
1115 2623 1244 2678 φὲοω,
1277 2626 1378 2664 haec
1408 2625 1513 2663 tollit
1542 2637 1677 2663 emen-

351 2678 459 2718 datio
490 2673 608 2726 σίζον
635 2676 834 2719 ἐπισείων
863 2680 1000 2735 (Ιτέρω,
1030 2694 1147 2732 quam
1179 2682 1299 2720 etiam
1329 2693 1472 2721 sensus
1497 2680 1676 2732 requirit.
