1702 3190
680 147 868 175 turnus.
1436 133 1519 174 133

48 248 360 300 unguentorum
399 257 519 296 usus,
557 246 609 287 de
648 259 731 299 quo
761 246 836 287 ct'r.
874 247 1196 300 Xenophontem
1226 248 1356 289 Gonv.
1386 247 1427 288 11
1462 247 1518 288 ln.

53 327 193 368 Aedes
229 338 344 376 suas,
388 338 561 378 quarum
600 326 750 366 alteras
786 326 829 366 in
876 326 1160 367 Melitensium
1199 341 1330 380 pago,
1378 326 1517 367 Schol.

50 405 223 454 Luciani
250 405 577 459 Iov.Trag.vol.
595 405 634 445 11
663 418 705 458 p.
721 405 816 455 696,
846 406 996 446 alteras
1025 406 1068 445 in
1100 406 1274 446 Piraeeo
1307 406 1419 446 omni
1448 405 1520 445 de·

48 484 237 529 liciarum
265 497 421 537 genere
449 485 671 524 instructas
700 484 862 535 habuit,
891 484 1127 536 Xenophon
1156 486 1284 526 Conv.
1317 485 1335 524 1
1365 486 1406 534 2,
1437 497 1519 524 non

50 565 204 604 scurris
238 567 397 604 tantum
436 566 479 602 et
512 563 748 621 tibicinibus
784 563 958 615 aliisque
1001 563 1044 603 id
1085 575 1217 616 genus
1265 563 1519 612 hominibus,

49 642 242 695 Xenoph.
273 643 401 682 Conv.
431 641 450 680 Ι
480 641 547 682 11.
588 642 632 681 11·
657 641 697 690 1,
738 654 881 681 verum
919 642 1043 682 etiam
1078 643 1302 695 sophistis,
1339 642 1383 681 in
1414 653 1519 694 quos

46 721 277 761 incredibili
304 719 384 760 fuit
413 720 716 771 munificentia,
747 723 990 773 aperuerat,
1015 721 1301 763 *Heindorfius
1339 721 1391 760 ad
1422 721 1519 760 Pla-

44 800 152 840 tonis
184 799 360 840 Theaet.
397 813 438 851 p.
468 798 566 848 358,
597 811 772 851 quorum
810 799 1024 839 hominum
1064 801 1408 840 consuetudinem
1438 801 1521 840 iam

45 882 140 920 ante
174 879 304 932 patris
343 878 500 918 obitum
540 877 774 918 avidissime
812 891 907 918 eum
948 879 1171 930 expetiisse
1211 892 1260 919 ex
1297 880 1518 920 Aeschinis

44 958 245 1002 Socratici
282 957 446 1010 dialogo
478 957 635 997 Calliae
674 958 840 997 nomine
877 958 1076 1010 inscripto
1118 958 1229 1010 apud
1257 959 1522 999 Athenaeum

44 1037 82 1079 V
111 1037 310 1089 p.v220b
351 1037 625 1088 perspicitur,
665 1049 746 1089 qna
783 1049 833 1076 ex
868 1049 916 1076 re
954 1036 1143 1076 nonnihil
1181 1037 1402 1078 simultatis
1441 1037 1522 1090 ipsi

45 1129 140 1157 cum
167 1120 285 1170 patre
315 1115 499 1154 extitisse
537 1115 691 1154 ibidem
721 1115 912 1168 legimus.
988 1116 1159 1155 Mortuo
1190 1121 1328 1157 autem
1360 1118 1521 1168 Hippo-

40 1190 142 1235 'nico
180 1207 304 1246 quum
346 1193 553 1233 neminem
585 1195 863 1247 voluptatibus
894 1195 979 1233 suis
1007 1195 1306 1248 impedimento
1338 1208 1432 1235 esse
1461 1195 1523 1234 vi-

38 1273 185 1323 deret,
225 1273 290 1312 vix
325 1272 405 1312 dici
441 1275 580 1324 potest
619 1277 810 1325 quantam
857 1274 1118 1314 adulatorum
1161 1274 1523 1327 parasitorumquc

43 1352 350 1399 multitudinem
389 1351 432 1390 in
474 1350 640 1391 domum
679 1365 795 1392 suam
834 1353 1065 1405 receperit,
1110 1354 1359 1394 Heraclides
1400 1354 1522 1392 Pont.

38 1431 76 1472 xl.
113 1430 141 1470 l.
177 1443 233 1483 ps
256 1429 340 1470 537
364 1431 403 1470 b.
477 1431 542 1471 Ex
584 1444 634 1471 eo
681 1444 839 1483 genere
875 1432 1048 1472 fuerunt
1095 1432 1273 1485 Gorgias
1319 1432 1523 1472 Prodicus

40 1510 298 1563 3Protagoras
337 1510 602 1550 Antimoerus
642 1512 859 1564 ceterique
899 1512 1158 1565 Protagorae
1186 1511 1399 1563 discipuli,
1429 1511 1522 1563 qui-

50 1589 126 1629 bus
157 1590 368 1642 capiendis
399 1602 526 1641 quum
556 1590 681 1629 aedes
712 1592 897 1642 quamvis
929 1591 1208 1643 amplissimae
1243 1604 1324 1631 non
1355 1590 1525 1630 suffice-

48 1673 159 1718 rent,
198 1663 436 1715 ἐκκενώσας
470 1665 521 1707 τὸ
561 1668 760 1722 ταμιεῖον
790 1669 880 1717 τοῖς
918 1669 1156 1724 σοφισταῖς
1194 1667 1358 1720 ξενῶνα
1399 1681 1525 1708 κατε-

30 1742 307 1796 ξσκευάσατο,
335 1752 383 1789 ut
412 1752 476 1789 est
504 1749 615 1802 apud
631 1749 910 1790 Themistium
926 1751 998 1790 Or.
1015 1750 1155 1790 XXIX
1178 1763 1221 1802 p.
1251 1749 1335 1789 347
1352 1762 1388 1797 c,
1418 1761 1526 1800 quae

36 1827 172 1874 ducta
207 1832 305 1868 sunt
339 1842 364 1869 e
394 1829 579 1878 Platonis
606 1830 725 1869 Prot.
765 1843 808 1882 p.
837 1828 935 1868 482.
967 1828 1054 1870 484
1097 1829 1253 1868 Heind.
1312 1827 1431 1867 Haec
1463 1830 1525 1867 tot

32 1907 94 1957 fiet
121 1911 232 1948 tanta
260 1909 358 1948 vitia
387 1909 510 1948 nullis
539 1891 612 1948 ille
642 1909 766 1948 animi
790 1908 855 1947 vel
884 1909 1039 1960 ingenii
1070 1909 1188 1948 bonis
1219 1907 1523 1959 compensabat.

28 1986 155 2037 JJNam
185 1987 296 2039 quod
333 1987 444 2027 tibiis
483 1988 586 2027 scite
617 1991 803 2027 cantasse
835 1986 986 2026 dicitur
1024 2001 1047 2026 a
1078 1987 1404 2027 Chamaeleonte
1434 1986 1525 2026 He-

35 2066 151 2113 wacl.
186 2067 296 2118 apud
325 2066 586 2108 Athenaeum
619 2067 676 2107 IV
707 2079 748 2118 p.
780 2066 863 2106 184
882 2067 922 2115 d,
952 2066 995 2105 id
1032 2066 1153 2105 valde
1181 2080 1334 2106 vereor
1364 2069 1410 2106 ut
1439 2078 1525 2105 ma·-

33 2157 159 2196 &gnae
196 2144 311 2187 laudi
348 2146 387 2186 ei
422 2145 657 2185 ducendum
692 2146 928 2198 putaverint
969 2145 1260 2186 Athenienses.
1326 2145 1525 2185 Doctissi-

39 2235 165 2272 tvmum
195 2229 334 2264 autem
363 2225 434 2276 qni
464 2237 559 2263 eum
590 2223 688 2262 dicit
718 2224 958 2263 Macrobius
988 2223 1170 2263 Sat.V11
1204 2223 1226 2261 1
1259 2224 1371 2263 haud
1401 2224 1526 2264 dubie

54 2302 187 2353 ipsam
222 2302 335 2343 illam
364 2315 458 2342 cum
494 2302 692 2354 sophistis
723 2301 1066 2342 consuetudinem
1095 2303 1319 2354 spectavit,
1358 2316 1408 2343 ex
1445 2315 1526 2354 qua

55 2393 139 2420 non
177 2381 324 2420 mirum
362 2385 426 2420 est
461 2381 496 2421 si
533 2381 710 2432 aliquem
752 2380 994 2420 eruditionis
1033 2381 1188 2422 cultum
1229 2383 1526 2434 literarumque

58 2470 240 2499 amorem
274 2459 479 2511 concepit.
545 2458 729 2499 Scurrile
764 2460 944 2499 hominis
982 2460 1194 2513 ingenium
1235 2466 1276 2501 et
1303 2463 1525 2502 vanitatem

58 2547 166 2575 cum·
188 2538 277 2589 pari
313 2538 536 2579 insolentia
575 2538 835 2580 coniunctam
877 2540 1031 2593 optime
1072 2554 1298 2594 cognoscas
1329 2554 1352 2580 e
1383 2540 1523 2580 Xeno-

48 2609 224 2668 phontis
253 2617 383 2657 Convi
413 2618 452 2657 11
483 2619 553 2658 20.
594 2618 654 2658 111
686 2619 754 2659 1⁰.
793 2619 850 2661 IV
879 2619 935 2660 in.
967 2624 1009 2660 et
1038 2620 1206 2661 Hellen.
1235 2622 1292 2662 Vl
1324 2621 1352 2660 3
1382 2622 1422 2668 6,
1451 2619 1524 2658 ubi

55 2694 218 2747 generis
247 2696 502 2737 nobilitatem
533 2711 555 2737 a
585 2699 844 2752 Triptolemo
885 2699 997 2740 ducti
1025 2699 1276 2740 intolerabili
1307 2701 1429 2739 iactat
1457 2711 1522 2737 ar·
