1702 3190
685 141 875 174 sumus.
1422 127 1508 170 143

31 249 225 292 tribuunt
251 246 462 291 Mem-sius
492 249 536 286 et
560 242 799 295 Fabricius,
827 241 999 284 Suidam
1027 243 1273 283 attestantes
1301 240 1374 295 qui
1399 239 1508 282 haec

28 330 196 372 scribit:
231 325 308 367 καὶ
335 319 557 381 παροιμία
588 319 848 379 Φορμίωνος
875 315 1034 374 στιβὰς
1071 318 1146 360 ἐπὶ
1183 318 1273 360 τῶν
1300 314 1508 360 εὐτελῶν·

28 398 157 456 οὗτος
195 402 278 463 γὰρ
307 400 331 446 ὁ
373 399 587 460 Φορμίων
620 398 800 458 ἀγαθὸς
836 399 1002 454 ἐγένετο
1040 392 1310 453 στρατηγός·
1348 396 1425 439 καὶ
1460 395 1508 440 ἐν

29 487 122 536 τοῖς
156 481 422 541 Ταξιάρχαις
462 483 508 526 δὲ
538 480 747 539 φαίνεται
774 482 930 534 (scribe
962 476 1165 535 φέρεται)
1194 474 1252 527 ὠς
1282 474 1506 527 ἐπίπονος.

37 561 345 621 Φιλοπὸλεμος
394 562 479 620 γὰρ
511 559 589 604 καὶ
632 555 867 615 αὐστηρός.
934 554 1144 613 στιβάδες
1186 555 1233 599 δὲ
1267 554 1418 608 ἐπειδὴ
1461 555 1507 598 οἱ

29 642 299 700 στρατιῶται
327 640 710 697 χαμαικοιτοῦσιν.
763 633 1106 696 Ἀναγράφεται
1142 635 1190 679 δὲ
1226 633 1252 678 ὁ
1293 631 1508 692 Φορμίων

27 721 133 764 δνσὶ
160 718 426 776 ναυμαχίαις
454 716 636 772 νικήσας
662 714 1069 774 Λακεδαιμονίους·
1105 714 1227 767 λιτὸς
1267 715 1315 758 δὲ
1343 706 1401 768 ἧν
1429 714 1507 758 καὶ

26 797 362 856 στρατιωτικός·
400 799 449 842 οἱ
486 797 534 841 δὲ
570 796 628 840 τά
656 795 874 854 πολεμικὰ
901 795 1190 854 ἐξησκημένοι
1218 792 1305 839 ὑπὸ
1335 809 1506 852 γυμνα-

21 876 136 923 σίων
171 879 250 921 καὶ
283 875 434 922 πόνων
467 873 664 921 εἰώθασι
695 882 1014 935 χαμαικοιτεῐν.
1071 877 1148 920 καὶ
1185 872 1418 925 Διονύσιος
1456 873 1505 917 ἐν

32 954 296 1015 Ταξιάρχαις
320 955 407 1009 Ὣς
438 955 519 1002 οὐκ
546 955 608 1001 ἔτ’
643 955 700 1001 ἂν
723 954 920 1014 φάγοιμι
948 954 1167 1011 στιβάδας
1199 950 1382 1008 ἐξὸτου
1414 950 1502 1010 φύ-

23 1051 119 1095 γον.
177 1039 225 1081 In
254 1041 318 1082 his
348 1054 455 1094 quae
484 1041 537 1081 de
560 1039 826 1081 Phormionis
855 1039 1011 1079 virtute
1040 1043 1082 1078 et
1111 1039 1154 1079 in
1182 1038 1371 1079 ferendis
1402 1037 1504 1078 belli

22 1120 237 1162 laboribus
274 1120 476 1172 patientia
510 1119 754 1170 traduntur,
804 1132 829 1158 e
864 1118 1052 1170 Dionysii
1092 1118 1335 1158 Taxiarchis
1373 1118 1505 1171 petita

25 1212 118 1240 esse
147 1211 318 1251 prorsus
345 1198 589 1238 incredibile
619 1203 696 1239 est.
762 1197 872 1250 Quid
911 1197 1022 1237 enim
1052 1197 1215 1236 mediae
1243 1197 1404 1237 auctori
1433 1208 1506 1237 co·

23 1276 214 1321 moediae
243 1289 336 1317 cum
353 1276 671 1318 Atheniensium
701 1277 822 1326 duce,
852 1275 971 1316 cuius
998 1276 1131 1317 virtus
1159 1289 1386 1329 rerumque
1411 1275 1501 1316 bel-

24 1356 204 1399 licarum
243 1355 394 1408 peritia
431 1354 476 1397 iu
511 1355 613 1409 ipsis
653 1357 755 1398 belli
791 1354 1138 1409 Peloponnesiaci
1175 1355 1305 1396 initiis
1343 1354 1502 1395 eluxit?

23 1436 134 1479 Eum
163 1435 215 1475 ob
247 1447 411 1475 causam
440 1447 519 1489 ego
548 1436 591 1477 in
622 1439 792 1490 quaest.
821 1448 941 1476 scen..
965 1434 1028 1476 111
1055 1450 1097 1490 p.
1112 1435 1168 1476 56
1192 1449 1276 1476 non
1307 1435 1498 1477 dubitan-

25 1514 121 1556 dum
153 1526 245 1555 esse
276 1513 486 1564 dicebam,
527 1514 625 1567 quin
666 1515 804 1556 omnia
843 1514 937 1565 illa,
975 1527 1082 1568 quae
1120 1529 1171 1556 ex
1205 1515 1502 1568 integrioribus

25 1593 201 1637 Scholiis
231 1594 283 1634 ud
306 1593 596 1647 Aristophanis
626 1594 723 1636 Pac.
754 1595 838 1635 347
883 1595 1060 1636 conflata
1091 1608 1205 1645 esse,
1243 1596 1296 1635 ad
1326 1594 1501 1647 Eupoli-

24 1673 87 1715 dis
118 1672 370 1714 Taxiarchos
398 1674 649 1727 pertineant.
709 1674 757 1715 In
786 1675 852 1715 his
883 1675 994 1716 enim
1024 1686 1194 1728 magnas
1218 1673 1350 1715 fuisse
1366 1674 1501 1714 Phor-

0 1747 171 1793 ·nionis
206 1758 347 1806 partes
386 1753 540 1794 docere
576 1752 761 1794 Pollucis
795 1753 934 1796 locum
973 1754 1033 1794 lx
1069 1755 1154 1795 102
1201 1750 1248 1793 ἐν
1285 1748 1370 1807 γὰρ
1411 1750 1503 1792 Ta-

0 1825 210 1887 ιξιάρχοις
239 1825 445 1882 Εὔπολις,
476 1829 557 1871 τοῦ
592 1828 852 1888 Φορμίωνος
881 1826 1095 1883 εἰπόντος,

0 1926 5 1948 ι
55 1928 58 1930 ·
189 1905 349 1952 οὐκοῦν
377 1907 662 1968 περιγράφεις
691 1903 800 1953 ὅσον
829 1909 1066 1967 ἕναριστᾶν
1093 1906 1276 1964 :ebulum

0 2001 6 2041 ξ
25 1982 326 2046 ὅποκρίνεται,

0 2046 1 2068 ³
189 2065 235 2110 τί
262 2065 461 2120 δ’ἔστινς
490 2064 552 2119 εἰς
578 2065 782 2124 ιῖίμιλλαν
810 2066 1134 2127 άριστήσομενς

0 2141 8 2236 'f
32 2166 57 2187 ,a
190 2142 221 2198 ἢ
248 2143 448 2202 κόψομεν
468 2145 550 2199 τὴν
579 2147 724 2203 μᾶζαν
749 2142 898 2206 ὥσπερ
928 2146 1114 2206 ὄρτυγας

22 2227 84 2268 Ac
113 2240 239 2280 quum
275 2229 415 2282 priora
443 2229 515 2269 illa
545 2229 803 2270 scholiastae
831 2232 958 2271 verba
985 2230 1206 2272 manifesto
1236 2226 1291 2267 ad
1317 2224 1500 2278 Eupolin

22 2310 226 2359 spectent,
255 2319 308 2348 ne
337 2313 478 2349 cetera
507 2308 696 2361 quidem,
727 2322 835 2363 quae
865 2323 914 2350 ex
943 2308 1133 2363 Dionysii
1161 2305 1403 2348 Taxiarchis
1436 2304 1499 2346 af-

25 2384 140 2426 ferre
170 2386 362 2437 Suidam,
398 2387 450 2427 ad
488 2388 616 2428 alium
645 2392 860 2429 auctorem
889 2388 1115 2430 referenda
1143 2399 1236 2427 esse
1267 2385 1500 2438 suspicatus

27 2474 134 2506 sum.
170 2467 319 2519 Neque
349 2479 494 2506 vanam
522 2466 654 2507 fuisse
683 2473 866 2508 nostram
898 2469 1175 2522 suspicionem
1206 2465 1329 2505 docet
1359 2464 1498 2504 editus

2 2525 172 2598 {postea
207 2557 231 2584 a
266 2546 458 2586 Bekkero
500 2546 754 2588 Scholiastes
791 2547 978 2589 Venetus
1013 2547 1066 2587 ad
1103 2547 1255 2586 Pacem
1291 2543 1321 2585 l.
1358 2544 1388 2584 Ι.
1425 2543 1499 2584 ubi

3 2615 84 2663 iit-
113 2622 311 2676 scriptum
340 2628 426 2665 est:
458 2623 536 2664 καὶ
563 2620 793 2674 Διονύσιος
831 2624 878 2667 ἐν
911 2620 1172 2680 Ταξιάρχοις
1200 2615 1311 2676 παρ’
1344 2615 1500 2662 Εὐπό-

4 2695 137 2740 ιίιδι·
178 2697 338 2757 «παρὰ
371 2698 599 2758 Φορμίωνι
633 2699 861 2760 μανθάνω
888 2701 991 2756 τοὺς
1025 2701 1114 2747 τῶν.
1147 2697 1425 2757 στρατηγιῶν
1451 2712 1499 2743 τε
