1702 3190
635 156 918 188 rnnrmcnus.
1432 139 1518 184 153

0 250 20 325 κέ
40 256 305 312 Ἐπιάλτης,
330 270 454 313 qunm
483 257 665 306 formam,
689 258 848 302 Alcaeo
877 258 1021 299 tribuit
1049 255 1297 299 Eustathlus
1332 269 1374 310 p.
1403 255 1517 297 1687

41 344 114 387 51.
147 344 220 396 ⁸⁹)
285 339 371 383 Sed
409 340 737 393 Iungermnnnus
778 338 956 379 fortasse
993 338 1356 391 grammaticorum
1386 336 1518 389 quod-

43 422 138 463 dam
182 424 452 476 praeceptum
498 423 698 472 sequutus
747 420 824 459 est.
900 417 970 457 Sic
1012 415 1123 456 enim
1169 414 1320 456 Suidas
1365 416 1447 456 vol.
1497 415 1516 456 Ι

42 515 84 556 p.
113 503 212 543 801.
252 495 500 549 Ἐπιάλτην
528 492 731 551 (Όμηρος
769 494 846 535 καὶ
879 487 1088 542 ‘Haemos
1124 492 1201 533 καὶ
1236 493 1280 533 οἱ
1311 490 1518 534 Ἀττικοὶ

43 577 122 621 τὸν
151 576 358 634 δαίμονα,
388 578 465 619 διὰ
493 576 539 618 δὲ
569 571 648 618 τοῦ
676 588 712 631 φ
738 570 819 614 τὸν
847 569 990 628 ἄνδρα
1022 568 1285 627 Ἐφιάλτην.
1357 574 1517 614 Similia

42 661 299 710 Eustathius‚
329 661 445 700 cuius
473 656 706 698 testimonia
735 655 904 709 collegit
930 655 1168 695 Boeckhius
1197 653 1361 705 Explic.
1392 652 1515 692 Pind.

40 751 83 791 p.
112 738 209 778 271.
268 740 452 791 Quorum
481 736 516 776 si
544 748 687 776 verum
718 738 782 776 est
810 738 1207 788 praeceptum‚‚non
1239 733 1414 773 daemon
1444 731 1517 771 ille

39 816 290 858 Homericus
317 816 384 858 vel
414 814 568 856 Incubo
598 813 765 855 fabulae
794 826 947 855 nomen
978 813 1144 855 dedisse
1175 811 1408 854 censendus
1438 813 1516 861 est,

38 894 116 938 sed
146 899 267 936 notus
297 894 462 947 quidam
501 893 591 935 istis
627 894 885 947 temporibus
923 893 1065 935 homo.
1130 895 1265 946 Quem
1300 904 1356 932 ne
1383 890 1517 943 incly-

38 976 128 1015 tum
162 974 279 1014 illum
316 974 492 1016 Periclis
538 974 582 1015 ln
618 971 940 1014 administranda
985 986 1032 1014 re
1068 972 1236 1026 publiea
1282 970 1516 1011 adiutorem

38 1051 170 1096 tuisse
206 1058 429 1107 putemus,
462 1052 688 1108 prohibent
725 1056 961 1106 temporum
996 1052 1194 1093 rationes.
1261 1051 1354 1093 Nee
1382 1049 1515 1102 magis

39 1136 183 1173 orator
212 1132 455 1184 Ephialtes,
494 1133 564 1187 qui
601 1132 644 1173 in
674 1132 821 1172 decem
849 1131 932 1173 illis
961 1132 1013 1173 ab
1043 1131 1262 1184 Antipatro
1294 1128 1516 1182 postulatis

39 1215 388 1252 commemoratur
415 1211 526 1265 apud
556 1210 826 1251 Plutarchum
851 1210 903 1253 V.
931 1210 1149 1251 Demosth.
1183 1222 1227 1262 p.
1257 1208 1343 1249 856
1371 1209 1423 1257 Ε,
1452 1207 1518 1247 in·-

38 1291 173 1344 telligi
208 1295 368 1345 potest..
425 1290 571 1343 Itaque
606 1290 688 1343 fuit
725 1302 820 1330 cum
859 1289 913 1329 de
942 1289 1164 1342 Eupolidis
1201 1301 1327 1329 servo
1355 1287 1515 1339 cogita-

34 1383 150 1425 κω,
196 1370 266 1423 qui
301 1382 399 1410 eum
432 1369 596 1410 fabulas
637 1370 795 1421 aliquot
841 1367 1009 1409 domino
1051 1368 1302 1420 surripuisse
1342 1366 1516 1415 dicatur,

32 1447 151 1490 haud
179 1449 366 1504 ineptum
396 1462 496 1490 sane
524 1448 692 1488 fabulae
721 1452 1013 1501 argumentum
1043 1447 1248 1500 praebere
1278 1445 1427 1499 potuit.
1445 1446 1516 1495 ⁸⁸)

32 1528 124 1571 ‚Sed
153 1528 513 1582 grammaticorum
550 1527 655 1568 illud
684 1531 955 1582 praeceptum
990 1539 1245 1580 magnopere
1282 1537 1434 1565 vereor
1461 1535 1517 1564 ne

33 1613 199 1651 ⁴temere
238 1608 515 1661 excogitatum
552 1609 607 1648 sit
641 1611 767 1661 atque
802 1607 1005 1647 hactenus
1041 1608 1201 1645 tantum
1233 1617 1378 1644 verum
1421 1616 1516 1643 esse

35 1689 281 1742 reperiatur,
310 1692 358 1728 ut
380 1681 622 1736 Ἐπιάλτης
651 1699 860 1739 nunquam
887 1686 930 1727 in
959 1685 1036 1726 viri
1065 1696 1218 1725 nomen
1247 1683 1415 1723 abierit:
1447 1681 1516 1723 In-

35 1769 188 1811 tubum
216 1771 354 1808 autem
390 1767 426 1809 si
457 1767 656 1808 denotare
675 1767 829 1807 vellent
845 1764 911 1804 vel
935 1765 1180 1804 daemonem
1203 1763 1332 1803 istum
1352 1763 1514 1802 Home-

35 1842 181 1898 doum,
211 1858 335 1900 quem
364 1844 544 1887 eundem
573 1859 667 1887 cum
698 1845 811 1886 Pane
840 1843 1026 1884 habitum
1058 1842 1305 1902 esseltradit
1329 1841 1517 1883 Artemi-

32 1926 165 1969 dorus
194 1926 385 1967 Onirocr.
416 1926 456 1967 11
485 1926 556 1976 37,
594 1930 771 1979 utraque
799 1924 935 1964 forma
963 1923 1199 1977 promiscue
1228 1922 1293 1962 usi
1322 1921 1515 1961 videntur

33 2015 122 2048 mn
148 2005 300 2060 reliqui
327 2010 488 2047 tantum
518 2006 691 2056 Graeci,
721 2004 797 2047 sed
826 2004 907 2058 ipsi
936 2004 1061 2044 etiam
1090 2001 1382 2044 Athenienses.
1438 2001 1514 2042 Ni-

32 2259 39 2266 ‚¹
99 2209 172 2261 ⁸⁷)
216 2209 412 2250 Formam
447 2202 654 2262 Ἰφιάλης
693 2220 801 2249 unus
845 2208 994 2248 Suidas
1038 2206 1250 2248 servavit:
1293 2197 1515 2257 Ἰφιάλου,

150 2261 232 2303 τοῦ
257 2259 516 2319 Ἐφιάλτου.
585 2265 786 2306 Eiusdem
815 2263 976 2304 formae
1006 2264 1178 2315 vestigia
1207 2261 1372 2313 reperio
1404 2261 1514 2313 apud

152 2321 369 2363 Pollucem
395 2322 477 2364 Vll
507 2323 604 2371 103,
633 2322 705 2361 ubi
734 2322 829 2361 libri
854 2315 1062 2374 Ἰφιάλτῃ
1090 2320 1260 2366 liabent,
1292 2317 1401 2369 quod
1432 2319 1512 2361 Ca·-

153 2377 336 2418 saubono
366 2383 535 2417 auctore
564 2379 608 2418 in
634 2371 880 2430 Ἐφιάλτου
903 2382 1121 2417 mutatum.
1149 2375 1337 2426 Denique
1363 2367 1510 2412 Ἕπομ

154 2429 308 2484 φὲλης,
346 2434 456 2485 quod
487 2435 596 2473 bene
637 2435 861 2473 ominatum
899 2434 1075 2473 malefici
1111 2431 1321 2471 daemonis
1359 2443 1511 2471 nomen

151 2488 282 2529 fuisse
311 2489 487 2538 videtur,
517 2502 600 2536 mm
629 2490 706 2528 nisi
738 2502 788 2529 ex
817 2490 1030 2544 Ilesychio
1059 2489 1263 2538 innotuit,
1298 2481 1511 2541 'L'nwcsef-

154 2542 253 2593 ληςε
283 2539 306 2583 ὁ
335 2540 603 2596 καλούμενος
629 2539 877 2598 Ἐφιάλτης

104 2602 173 2653 ⁸⁸)
204 2602 439 2656 Ephialtem
470 2603 717 2642 Philocratis
747 2605 907 2656 patrem
936 2601 1101 2642 fabulae
1123 2599 1404 2652 Phryniehiae
1433 2612 1508 2639 no-

152 2670 247 2698 men
286 2658 450 2698 dedisse
490 2658 721 2711 suspicatus
759 2664 823 2702 est
866 2657 917 2700 G.
954 2659 1143 2715 Droyseu
1181 2658 1416 2699 Comment.
1454 2656 1508 2696 (le

150 2715 307 2757 Avibus
334 2714 459 2756 Arist.
489 2727 532 2769 p.
560 2716 630 2758 85.
