1702 3190
211 176 269 223 42
708 187 942 216 comonnme
972 187 1168 217 maenus

211 289 336 328 actas.
402 282 503 324 Inde
538 283 589 324 ab
625 283 788 338 olymp.
814 282 965 336 XCIII,
993 287 1021 328 4
1057 287 1224 339 triginta
1259 289 1356 330 viris
1391 291 1662 335 saevientibus

212 364 310 415 quin
337 373 480 401 rursus
507 361 749 402 arctioribus
777 362 936 414 legibus
965 363 1157 407 adstricta
1181 365 1309 406 fuerit
1334 369 1558 419 comoedia,
1587 370 1663 410 du-

209 439 331 482 bitari
357 451 440 480 non
467 442 617 491 potest.
685 439 788 480 Tam
825 441 1006 494 graviter
1042 442 1167 494 igitur
1196 455 1286 483 cum
1317 447 1527 499 comoedia
1555 447 1662 489 affli-

204 520 398 570 geretur,
435 528 517 556 non
547 516 693 556 mirum
723 521 786 557 est
814 517 948 568 cives,
987 530 1081 559 cum
1116 532 1189 560 sua
1226 522 1463 563 comoediae
1492 525 1662 564 materia

208 594 386 643 deesset,
416 594 650 634 coniunctas
680 606 772 635 cum
800 594 1030 635 fabularum
1053 599 1338 639 commissione
1367 600 1569 652 impensas
1598 600 1661 643 fa-

209 684 307 714 eere
343 672 514 723 emplius
547 672 743 711 noluisse.
807 672 895 713 Cfr.
924 672 1135 714 Platonius
1175 676 1227 715 de
1265 677 1381 718 Com.
1415 689 1456 729 p.
1484 676 1661 719 XXXIV

208 750 320 802 Lips.
387 751 478 800 Quo
515 749 757 797 accedebat,
795 750 927 801 quod,
963 764 1054 791 cum
1085 752 1237 792 bellum
1267 752 1660 806 Peloponnesiacum

206 831 251 870 et
277 827 461 879 publicas
497 829 541 865 et
566 827 742 878 privatas
769 828 1081 869 Atheniensium
1110 842 1210 881 opes
1248 830 1462 870 insanabili
1490 831 1660 871 vulnere

205 903 442 952 afflixisset,
479 904 633 944 civibus
668 917 722 945 ne
757 904 801 945 in
839 917 996 946 summa
1033 907 1197 958 quidem
1236 906 1414 948 faciendi
1449 908 1660 948 voluntate

205 984 393 1033 sumptus
429 980 481 1021 ad
515 981 686 1037 choros,
721 982 764 1024 in
793 983 939 1034 quibus
975 985 1196 1036 praecipua
1234 985 1384 1024 veteris
1421 986 1659 1026 comoediae

203 1059 295 1101 laus
321 1059 414 1107 fuit,
442 1058 522 1098 rite
550 1058 754 1110 digneque
780 1060 1040 1101 instruendos
1068 1064 1348 1111 suppeterent.
1368 1098 1387 1110 ,
1406 1064 1660 1113 Quamquam

201 1136 316 1176 enim
352 1136 497 1175 comici
534 1134 650 1174 chori
685 1148 768 1176 non
804 1149 855 1176 eo
897 1149 976 1188 quo
1005 1137 1149 1189 tragici
1179 1137 1398 1190 splendore
1426 1139 1660 1191 gaudebant

203 1212 433 1262 (Heraldus
468 1211 698 1254 Animadw
718 1214 762 1255 in
799 1214 925 1254 Salm.
957 1215 1127 1254 Observ.
1163 1214 1215 1258 ad
1254 1214 1322 1256 Ius
1351 1217 1435 1257 Att.
1465 1220 1507 1255 et
1533 1216 1656 1256 Rom.

202 1288 277 1339 Vl,
306 1290 348 1339 8,
375 1287 458 1339 5),
506 1301 579 1329 eos
613 1292 749 1330 tamen
786 1293 972 1342 sumptus
1006 1291 1291 1342 requirebant,
1328 1305 1430 1344 quos
1463 1293 1506 1333 in
1545 1297 1656 1332 tanta

203 1369 385 1409 omnium
414 1379 553 1408 rerum
583 1365 699 1407 clade
728 1367 793 1406 vix
822 1380 869 1407 ac
897 1381 951 1407 ne
978 1368 1044 1407 vix
1073 1370 1236 1420 quidem
1273 1382 1445 1421 erogare
1472 1374 1655 1423 possent.

201 1445 270 1487 lta
297 1445 451 1485 factum
487 1448 550 1483 est
594 1446 640 1483 ut
676 1444 757 1483 iam
796 1445 991 1497 Eupolis,
1032 1457 1154 1497 quem
1189 1446 1297 1485 ultra
1327 1447 1491 1499 Olymp.
1518 1446 1655 1487 XCIII

199 1523 326 1563 vitam
353 1521 594 1574 produxisse
623 1520 762 1560 doceri
789 1533 871 1561 non
900 1525 1058 1575 potest,
1087 1522 1139 1561 de
1167 1522 1334 1562 sordida
1362 1523 1531 1576 choregi
1559 1536 1654 1576 par-

201 1601 376 1642 simonia
422 1602 687 1652 quereretur,
733 1599 841 1651 apud
882 1598 1040 1639 Polluc.
1083 1599 1157 1649 111,
1187 1600 1270 1639 115
1312 1594 1430 1648 ’Ήδη
1461 1596 1655 1655 χορηγὸν

200 1673 376 1719 πώποτε
404 1669 708 1731 ρυπαρώτερον
740 1670 871 1715 Τοῦδ’
905 1665 1044 1725 εἶδες,·
1082 1676 1274 1716 Omnium
1310 1681 1446 1718 autem
1482 1679 1655 1718 maxime

202 1756 403 1804 (linceius,
432 1753 752 1806 dithyrambicus
780 1757 916 1807 poeta,
947 1765 1071 1805 quum
1101 1766 1124 1792 a
1153 1755 1318 1795 comicis
1346 1755 1479 1808 poetis
1508 1755 1654 1796 crude-

201 1832 373 1881 lissime,
401 1831 476 1871 sed
505 1843 580 1871 suo
611 1831 756 1870 merito
772 1835 1010 1879 vexaretur,
1039 1831 1142 1870 nihil
1170 1832 1411 1872 intentatum
1438 1833 1653 1885 reliquisse

199 1911 361 1950 videtur
391 1922 471 1962 quo
499 1911 682 1948 veterem
711 1908 826 1948 chori
855 1909 1196 1960 magnificentiam
1225 1914 1266 1949 et
1288 1911 1526 1963 dignitatem
1555 1923 1653 1951 con-

171 1987 387 2028 ‘velleren
424 1987 564 2028 Schol.
593 1985 803 2038 Aristoph.
833 1986 937 2026 Rau.
969 1986 1064 2027 153.
1096 1987 1193 2028 406.
1230 1988 1351 2039 Quod
1379 1988 1532 2028 factum
1561 1999 1652 2027 esse

201 2065 319 2106 brevi
353 2068 448 2104 ante
485 2064 598 2106 Pluti
639 2064 860 2104 editionem
897 2064 1116 2104 secundam
1152 2063 1195 2106 h.
1228 2078 1266 2105 e.
1307 2065 1468 2118 Olymp.
1497 2047 1663 2106 XCVII¹

202 2142 398 2182 docemur
425 2141 469 2182 in
487 2141 583 2183 Vita
610 2141 819 2194 Aristoph.
849 2155 890 2194 p.
903 2141 1137 2182 XXXVIII.
1194 2142 1391 2182 Similiter
1408 2140 1651 2194 Agyrrhius‚

199 2219 456 2260 fatuissimus
492 2218 639 2268 homo,
675 2219 911 2259 comoediae
947 2219 1029 2259 vim
1066 2222 1109 2259 et
1138 2218 1374 2272 dignitatem
1405 2232 1454 2262 eo
1493 2217 1650 2257 labefa-

200 2300 313 2337 ctare
348 2300 516 2338 conatus
553 2300 636 2349 est,
674 2300 720 2336 ut
747 2300 960 2348 poetarum
990 2297 1223 2336 mercedem
1261 2296 1534 2336 imminueret.
1597 2295 1650 2337 V.

175 2373 340 2428 schol.
385 2373 594 2427 Aristoph.
638 2373 753 2414 Eccl.
791 2374 873 2414 102
920 2378 962 2414 et
1006 2374 1110 2414 Rau.
1146 2374 1228 2417 361
1275 2386 1324 2413 ex
1368 2373 1650 2413 emendatione
1698 2392 1702 2422 4

198 2450 405 2491 Brunckii.
471 2450 591 2503 Quod
626 2450 780 2490 factum
809 2451 970 2491 videtur
999 2451 1160 2503 Olymp.
1190 2451 1335 2499 XCVI,
1365 2451 1405 2499 3,
1435 2463 1516 2502 quo
1544 2453 1650 2490 tem-

198 2533 303 2581 po‘re
341 2528 513 2568 maxima
548 2528 629 2568 fuit
664 2526 858 2580 Agyrrhii
895 2528 938 2568 in
977 2528 1141 2568 civitate
1175 2530 1368 2579 potestas.
1435 2528 1496 2567 Ita
1524 2528 1649 2580 igitur
1697 2531 1699 2554 ¹

201 2603 358 2653 evenit,
395 2608 442 2644 ut
471 2608 558 2645 tum
588 2606 715 2645 civilis
744 2606 944 2653 libertatis
971 2606 1126 2645 iactura
1153 2605 1482 2658 privatarumque
1509 2617 1647 2645 rerum
1694 2589 1698 2642 ἕ

202 2679 451 2731 calamitate,
489 2685 575 2723 tum
610 2681 862 2737 singulorum
897 2682 1129 2733 hominum,
1166 2682 1313 2734 quibus
1339 2683 1510 2724 molesta
1537 2685 1647 2723 esset
1692 2686 1695 2714 1
