1702 3190
214 168 268 208 24
597 178 803 206 cononum
833 158 1049 205 mammea.
1107 178 1286 206 susamo.

213 276 323 328 ipsos
373 275 450 313 sibi
487 275 675 315 inventae
719 275 955 315 comoediae
1000 275 1200 315 honorem
1239 288 1452 328 arrogasse
1489 278 1658 326 constat,

215 357 354 392 contra
385 353 542 392 Timaei
571 355 812 393 sententiam
842 354 1046 392 vindicare
1077 353 1232 392 studuit
1260 353 1429 392 Polemo
1460 353 1661 392 Athenaei

214 430 311 470 XIV
340 442 379 480 p.
410 428 491 468 659
512 443 546 469 c.
577 427 654 468 τὸν
683 427 728 468 δὲ
758 426 981 469 Μαίσωνα
1010 426 1299 489 Πολέμωννέν
1327 427 1416 476 τοῖς
1444 425 1549 482 πρὸς
1583 424 1663 467 Τι’-

213 517 347 558 μαιον
375 503 419 544 ἐκ
447 505 531 544 τῶν
558 505 602 545 ἐν
631 504 807 561 Σικελίᾳ
838 506 976 561 φησὶν
1004 497 1118 546 εἶναι
1147 505 1384 559 ΒΙεγαρε-’ων
1411 505 1485 545 καὶ
1514 501 1591 545 οἰκ
1617 504 1662 545 ἐκ

213 581 298 621 τῶν
326 579 538 623 Νισαίων.
609 586 733 624 Cuius
764 586 797 623 si
827 598 922 623 vera
952 589 1062 624 esset
1090 585 1316 632 sententia,
1347 584 1585 622 histrionem
1613 584 1663 622 il-

211 661 296 700 lum
333 665 426 700 ante
465 662 625 712 Olymp.
660 662 842 710 LXXIV,
872 663 898 700 2
942 663 1088 701 vixisse
1133 662 1383 701 efficeretur.
1455 661 1518 700 Eo
1556 661 1664 701 enim

212 751 316 777 anno
348 739 613 790 Megarenses
651 751 673 776 a
704 738 862 777 Gelone
893 739 1082 790 expulsos
1123 744 1164 778 et
1194 739 1416 790 Syracusas
1455 738 1664 777 traductos

212 828 303 854 esse
333 819 488 854 constat
519 829 567 854 ex
598 815 784 868 Thucyd.
818 817 889 863 vl,
919 816 946 855 4
977 816 1042 855 cll.
1074 816 1276 854 IIerodot.
1310 815 1402 862 VII,
1438 814 1532 853 156.

323 892 507 931 Eandem
544 893 702 931 ridendi
739 893 1071 942 conviciandique
1108 892 1393 937 scurrilitatem
1434 890 1664 930 Susarionis

214 980 376 1021 quoque
407 971 657 1009 comoediam
671 971 877 1010 rettulisse
901 969 1093 1008 credibile
1116 974 1178 1008 est
1187 985 1198 1018 ;
1228 970 1464 1020 Anonymus
1481 968 1532 1007 de
1548 969 1664 1007 Com.

211 1060 252 1098 p.
282 1047 439 1086 XXXII
476 1042 608 1097 μόνος
646 1037 701 1095 ἦν
731 1045 860 1098 γέλως
888 1043 938 1084 τὸ
966 1041 1413 1096 κατασκευαζόμενον,
1445 1044 1664 1084 Diomedes

212 1123 432 1164 Grammat.
464 1125 523 1162 111
552 1124 689 1175 p.486
718 1126 904 1174 poetae
933 1123 1082 1174 primi
1113 1122 1300 1161 comici
1330 1121 1547 1161 fuerunt
1576 1121 1665 1161 Su-

216 1201 351 1240 sario
404 1201 597 1252 Myllus
638 1204 687 1239 et
724 1199 954 1250 Magnes;
1011 1200 1066 1238 hi
1102 1199 1303 1239 veteris
1342 1198 1665 1250 disciplinae

212 1277 533 1316 ioculatoria
571 1277 812 1328 quaedam
846 1278 1008 1316 minus
1047 1278 1184 1316 scite
1224 1280 1275 1316 et
1303 1279 1522 1315 venuste
1550 1288 1665 1327 pro-

212 1355 538 1394 nunciabant.
598 1357 848 1406 Quamquam
878 1355 1105 1393 Susarionis
1134 1355 1247 1411 lusus
1277 1353 1427 1392 scenici
1456 1353 1505 1390 ab
1521 1353 1666 1404 Mega·-

212 1433 393 1471 tensium
421 1433 579 1471 ratione
610 1445 658 1471 eo
690 1431 945 1479 differebant,
970 1431 1077 1482 quod
1104 1431 1289 1470 versibus
1319 1429 1509 1468 adstricta
1537 1433 1665 1480 erant,

213 1522 318 1562 quae
344 1510 405 1549 illi
433 1509 541 1548 nudo
573 1522 761 1549 sermone
792 1508 1056 1548 effundebant
1093 1508 1275 1547 dicteria.
1346 1506 1483 1546 Schol.
1513 1506 1666 1559 Diony-

214 1588 265 1627 sii
295 1587 445 1626 Thrac.
474 1598 515 1637 p.
545 1576 635 1625 748⁷
657 1584 734 1635 τῆς
768 1584 980 1640 ἐμμέτρου
1016 1581 1245 1640 κωμῳδίας
1273 1578 1458 1637 ἀρχηγὸς
1485 1580 1664 1634 ἐγένετο,

215 1678 265 1705 ex
294 1676 372 1716 quo
403 1676 657 1715 nequaquam
695 1665 976 1716 consequitur,
1013 1667 1059 1703 ut
1096 1640 1216 1702 effam
1253 1661 1382 1700 literis
1418 1661 1666 1713 perscriptas

214 1741 345 1781 fuisse
383 1742 470 1780 eius
511 1742 742 1781 comoedias
783 1742 1018 1790 credamus,
1064 1741 1173 1792 quod
1207 1742 1322 1778 recte
1359 1750 1530 1790 negasse
1565 1741 1665 1790 puto

212 1818 443 1858 Bentleium
481 1819 644 1859 Phalar.
680 1833 720 1871 p.
749 1819 833 1858 258
862 1832 949 1870 sqq.
1015 1817 1335 1858 Praemeditatos
1377 1816 1503 1867 igitur
1537 1815 1666 1855 fuisse

217 1896 447 1936 Susarionis
476 1896 610 1944 lusus,
647 1908 781 1947 neque
810 1909 907 1935 vero
941 1909 989 1935 ex
1016 1898 1203 1946 tempore
1231 1893 1367 1943 fusos,
1397 1905 1478 1932 non
1508 1893 1666 1933 dubita-

215 1984 332 2027 mus:
371 1973 437 2012 cui
473 1986 555 2013 non
582 1977 784 2026 repugnat
815 1973 1077 2021 Aristoteles,
1116 1970 1184 2022 qui
1221 1982 1346 2021 quum
1375 1970 1424 2008 ab
1452 1969 1566 2009 initio
1596 1982 1666 2010 co-

216 2050 421 2090 moediam
463 2043 877 2102 αὐτοσχεδιαστικὴν
924 2050 1053 2088 fuisse
1099 2048 1298 2097 affirmat,
1349 2046 1666 2087 vetustissimam

216 2129 305 2167 eius
333 2128 521 2176 formam,
552 2128 681 2178 qualis
710 2128 791 2166 iam
819 2129 913 2165 ante
943 2125 1204 2165 Susarionem
1233 2124 1342 2177 apud
1360 2125 1517 2164 Atticos
1547 2124 1666 2164 alias-

215 2218 296 2257 que
326 2205 521 2244 Graeciae
551 2208 696 2256 gentes
725 2204 823 2252 fuit,
852 2203 1082 2255 respexisse
1111 2202 1284 2242 videtur.
1341 2200 1666 2241 Praemeditatae

218 2285 355 2321 autem
393 2283 427 2320 si
462 2279 581 2321 fuere
617 2281 847 2322 Susarionis
883 2272 1120 2320 comoediae
1159 2283 1202 2319 et
1238 2278 1423 2319 versibus
1458 2282 1666 2330 utcunque

327 2445 463 2496 Magis
494 2444 613 2483 etiam
644 2445 790 2484 mirum
819 2443 948 2484 videri
976 2450 1111 2497 potest
1140 2445 1249 2498 quod
1278 2447 1419 2486 Crates
1447 2443 1554 2496 apud
1566 2443 1664 2484 Dio-

331 2513 477 2551 genem
509 2500 644 2539 Laert.
676 2501 728 2548 11,
760 2500 842 2538 118
872 2501 924 2539 de
953 2502 1139 2553 Stilpone
1167 2501 1410 2563 philosopho
1439 2500 1587 2552 posuit,
1617 2497 1664 2538 ἐν

329 2550 550 2608 ΠΙεγάροις
578 2546 663 2593 ὅθι
699 2554 814 2606 φασὶ
855 2554 1057 2607 Τυφωέος
1085 2552 1267 2607 ἔμμεναι
1299 2550 1438 2601 ευνάς.
1502 2556 1591 2596 Nisi
1625 2555 1663 2595 is

330 2610 635 2661 Megaricorum
665 2610 1001 2667 philosophorum
1029 2612 1246 2651 vanitatem
1286 2615 1329 2651 et
1356 2609 1497 2664 τῦφον
1524 2611 1662 2651 ridere

325 2667 464 2704 voluit.
