1702 3190
518 131 813 164 aroatonoaus
855 133 1034 165 senous.
1057 162 1062 165 .
1427 123 1513 166 461

44 228 368 291 γραμματείδια
396 231 733 286 frequentissime
761 233 956 276 dlcuntur
992 234 1046 275 de
1085 233 1239 276 libellis
1266 234 1336 277 vel
1363 235 1517 279 instru-

43 314 192 356 mentis
220 313 495 363 iudicialibus,
533 326 572 355 v,
602 314 655 354 ad
682 313 958 355 Menandrum
988 327 1030 366 p.
1063 313 1159 355 115.
1217 315 1368 367 Neque
1396 316 1520 358 aliter

41 393 296 436 intellexisse
324 392 489 432 videtur
517 392 685 433 Grotius
714 393 758 433 in
785 392 1005 444 Exeerptis
1033 406 1075 445 p.
1105 394 1204 443 820,
1242 394 1314 447 qui
1351 395 1518 437 libel-

39 472 109 514 lif
114 473 246 513 icem
276 473 571 524 interpretatus
602 475 679 512 est.
737 473 831 512 Non
862 471 982 511 video
1013 475 1152 511 tamen
1185 473 1285 524 quid
1312 473 1516 528 impediat

40 564 121 604 quo
151 552 286 592 minus
315 550 479 590 titulum
506 548 673 590 fabulae
710 550 762 590 de
791 549 958 590 homine
987 549 1058 602 qui
1086 550 1370 603 γραμματεῖα
1399 553 1443 594 h.
1475 566 1516 596 e.

42 625 382 685 ἇργι·ριοθη,’κας
409 627 653 681 fabricatur,
687 629 1025 682 interpretemur.
1090 629 1156 669 Eo
1189 629 1281 682 ipse
1309 643 1386 672 nos
1415 632 1517 672 Pol-

41 709 113 750 lux
143 710 271 752 ducit.
331 711 419 752 crr.
447 712 694 765 Harpocrat.
722 722 765 762 p.
794 708 850 748 33
878 707 920 748 4.
988 707 1146 761 Scripsi
1181 713 1322 750 autem
1358 710 1515 762 ubique

35 783 490 842 Γραμματειδιοποιὸς
517 804 593 844 per
620 790 687 839 27,
724 801 830 841 quae
865 787 990 828 unice
1029 800 1129 828 vera
1156 788 1281 829 huius
1309 789 1515 841 vocabuli,

33 880 60 909 ι
98 868 400 923 γραμματεῖον
448 869 582 919 ducti,
629 868 765 908 forma
804 866 898 907 fuit.
970 866 1168 919 Sequitur
1222 863 1515 918 Ψευδαίας

35 946 158 988 etiam
197 960 221 988 a
249 948 423 989 Polluce
451 949 491 990 X
521 949 604 988 138
638 951 686 988 ut
715 946 837 987 Geloi
877 945 1020 986 fabula
1058 946 1251 988 laudata:
1283 940 1515 989 ’Anemo-

35 1022 173 1081 δωρος
202 1020 226 1065 ὁ
255 1024 420 1083 Γελῷος
446 1025 494 1067 ἐν
529 1021 820 1067 Ψευὸαἱαντι.
867 1026 931 1065 Ea
959 1025 1108 1067 vitiose
1136 1027 1248 1080 apud
1275 1028 1510 1071 Eudociam

41 1101 236 1154 Ψευδέας
263 1107 479 1158 scribitur;
508 1120 645 1160 neque
676 1106 784 1147 enim
811 1105 990 1145 dubitari
1009 1108 1148 1158 potest
1168 1106 1266 1159 quin
1295 1107 1512 1161 inscriptio

32 1182 198 1226 fabulae
228 1185 280 1226 de
307 1192 530 1239 personato
560 1187 687 1228 Aiace
715 1184 1027 1237 interpretanda
1057 1186 1125 1226 sit.
1190 1186 1357 1228 Similes
1386 1187 1511 1229 fabu-

30 1263 166 1304 larum
215 1264 326 1304 tituli
371 1270 467 1305 sunt
516 1261 829 1319 Ψευδηρακλῆς
872 1264 1138 1305 Pherecratis
1186 1269 1229 1305 et
1269 1267 1509 1319 Menandri,

36 1338 446 1398 Ψευδοστιγματίας
481 1344 725 1393 Nicostrati,
772 1339 1085 1392 Ψέυδολησταὶ
1122 1344 1346 1396 Τίωοοῌε,
1391 1342 1509 1392 Ψευὴ

29 1418 374 1476 δυποβολιμαῖος
404 1425 562 1465 Cratini
592 1429 635 1464 et
663 1424 850 1476 Crobyli.
918 1423 1111 1476 Denique
1147 1437 1255 1478 quae
1291 1429 1508 1478 postremo

29 1501 122 1542 loco
158 1503 269 1543 inter
297 1503 418 1544 Geloi
458 1503 619 1544 fabulas
648 1503 913 1543 nominantur
949 1516 974 1543 a
1002 1503 1132 1546 Suida
1170 1499 1425 1559 Σίσυφος
1461 1509 1509 1548 et

28 1578 311 1635 Αἰσχρίων
352 1582 438 1634 (ita
462 1583 573 1623 enim
601 1583 804 1624 Kusterus
834 1596 858 1622 e
889 1583 1009 1624 codd.
1038 1596 1116 1637 pro
1146 1575 1361 1636 Αἰσχίων,
1392 1584 1508 1637 quod.

28 1663 146 1700 tenet
173 1661 414 1713 Emonia),
455 1674 598 1702 earum
627 1662 831 1715 Sisyphus
859 1662 1041 1703 fortasse
1069 1663 1318 1715 Apollodori
1357 1663 1508 1718 tragici

28 1737 110 1780 fnit
138 1739 293 1781 fabula.
362 1740 663 1782 Aeschrionem
690 1742 818 1782 latine
847 1743 1107 1783 transtulisse
1135 1742 1303 1783 videtur
1332 1743 1505 1803 Statius,

27 1819 144 1860 cuius
171 1818 352 1861 fabulam
381 1820 462 1860 hoc
490 1821 658 1862 nomine
686 1822 926 1875 inscriptam
954 1822 1157 1864 habemus
1186 1822 1297 1877 apud
1311 1823 1503 1867 Festum.

25 1896 106 1938 His
136 1910 187 1939 ex
202 1899 420 1941 Athenaeo
449 1901 610 1941 accedit
635 1894 1029 1941 Ἀπολιποῦσα
1058 1902 1119 1943 111
1147 1916 1190 1956 p.
1209 1902 1293 1944 125
1308 1916 1347 1954 a,
1376 1916 1503 1956 quam

26 1977 215 2030 Carystio
249 1979 437 2020 tribuunt
473 1980 622 2022 Suidan
668 1994 702 2022 s.
737 1994 777 2022 v.
813 1976 1200 2035 ἐγκομβώσασθαι
1237 1986 1281 2023 et
1320 1982 1503 2026 Photius

24 2055 159 2110 Epist.
188 2058 285 2109 156,
321 2060 439 2100 cuius
475 2060 571 2101 loco
610 2060 682 2113 qui
716 2072 816 2101 usus
855 2065 918 2102 est
956 2061 1148 2102 Kuhnius
1185 2061 1238 2103 ad
1267 2061 1430 2103 Polluc.
1459 2060 1502 2105 X

27 2134 99 2184 ⁹3,
146 2135 254 2176 falso
296 2138 401 2177 hane
440 2138 625 2178 fabulam
666 2138 865 2180 Photium
916 2141 1051 2181 Geloo
1098 2141 1295 2182 tribuisse
1342 2144 1502 2184 narrat.

29 2213 152 2266 Apud
180 2213 348 2255 Suidam
377 2216 406 2257 l.
431 2216 460 2256 l.
491 2216 603 2269 quod
638 2217 739 2257 olim
774 2217 992 2271 legebatur
1025 2212 1370 2275 Ἀπολλόδωρος
1397 2219 1500 2261 Ka-

29 2286 220 2344 ρυστίοις
260 2289 570 2347 Ἀπολιποῦσι,
614 2302 711 2349 post:
751 2297 962 2339 Kuhnium
1004 2298 1034 2339 l.
1080 2299 1110 2340 l.
1157 2303 1200 2340 et
1243 2299 1499 2344 Gatakerum

30 2370 207 2413 Miscell.
237 2372 256 2413 1
299 2375 325 2414 9
365 2375 543 2415 correxit
579 2376 768 2429 Toupius
803 2378 981 2418 Emend.
1013 2378 1032 2418 1
1069 2391 1112 2431 p.
1141 2379 1239 2420 156.
1307 2379 1497 2422 Titulum

28 2449 193 2492 fabulae
218 2455 335 2493 recte
363 2454 597 2508 Schweigh.
634 2455 688 2496 de
723 2456 900 2497 muliere
939 2469 1044 2509 quae
1084 2458 1278 2499 maritum
1308 2459 1497 2500 deseruit

28 2528 320 2582 interpretatus
349 2537 426 2574 est.
482 2535 646 2576 Eodem
674 2535 811 2576 indice
839 2535 1001 2577 fabulas
1033 2537 1264 2578 docuerunt
1288 2539 1496 2592 Crobylus

28 2610 72 2647 et
97 2606 302 2659 Diphilus.
361 2604 698 2653 ’Λπολείπουσα
732 2615 866 2655 minus
895 2620 1011 2657 recte
1040 2617 1192 2658 dicitur
1221 2618 1373 2658 Photio
1403 2617 1432 2656 l.
1459 2616 1493 2659 l.

26 2696 271 2740 quamquam
298 2689 357 2730 ita
384 2690 509 2733 etiam
537 2692 612 2736 PV
642 2693 753 2748 apud
781 2694 934 2738 Athen.
957 2695 988 2737 l.
1016 2695 1046 2738 l.
1105 2696 1196 2739 Cfr.
1225 2710 1267 2751 p.
1297 2694 1397 2736 452.
