1702 3190
675 144 864 189 nunonis.
1427 146 1509 187 117

9 290 11 296 Α
39 254 131 299 diae
161 257 291 298 filium
326 257 397 311 οι)
426 260 690 313 perstrinxit,
721 272 898 315 puerum
929 262 1116 313 corporis
1146 264 1364 302 venustate
1391 274 1510 314 prae-

39 340 228 387 stantem,
259 337 447 390 Xenoph.
480 339 610 380 Conv.
641 338 673 389 l,
703 339 729 379 9
766 342 808 379 et
837 339 987 380 Athen.
1018 339 1056 381 V
1092 353 1132 392 p.
1166 339 1248 379 188
1265 353 1301 380 a.
1341 340 1510 388 Calliae,

39 415 263 469 Hipponici
299 416 396 466 filii,
443 430 606 458 amores
644 422 686 458 et
725 418 915 468 delicias,
955 416 1126 458 Maxim.
1159 418 1261 470 Tyr.
1299 418 1437 460 XXVI
1467 420 1509 460 8.

39 508 213 548 eamque
251 496 303 536 ob
343 508 531 547 causam,
567 497 734 550 opinor,
770 500 964 548 tanquam
1002 495 1218 537 muliebria
1254 509 1423 550 passum
1458 499 1510 538 ab

40 575 249 628 Eupolide
287 576 544 626 traductum,
582 575 698 616 cuius
737 575 799 615 rei
835 579 964 616 tenue
993 575 1160 628 quidem
1198 575 1274 616 sed
1313 575 1510 616 idoneum

39 658 177 695 tamen
214 654 412 695 indicium
448 655 649 696 habemus
687 653 798 707 apud
826 654 1010 707 Etymol.
1044 654 1104 695 M.
1143 668 1182 707 p.
1213 655 1296 694 399
1327 654 1382 694 17
1418 648 1512 692 Εὐ-

38 726 226 786 τρήσιος,
271 729 392 786 παρὰ
432 728 483 773 τὸ
528 730 777 788 τετρῆσθαι
820 728 900 772 τὸν
942 727 1204 773 Αὐτόλυκον
1247 727 1271 772 ὁ
1315 727 1511 780 Εὔπολις

37 805 240 853 σκώπτει.
309 806 524 866 Εὔτρησις
569 807 696 859 πόλις
737 805 1000 865 Ἀρκαδική.
1081 813 1119 852 Is
1166 825 1293 865 quum
1344 812 1509 865 Olymp.

37 889 251 931 LXXXIX
279 890 306 930 3
335 892 376 932 in
407 891 564 945 magnis
586 890 886 932 Panathenaeis
915 893 987 944 ⁶²)
1019 891 1270 943 quinquertii
1299 892 1537 946 victoriam·

34 972 319 1034 ‘consequutus
350 974 475 1021 esset,
506 969 582 1012 cfr.
611 970 771 1011 Plinius
801 971 857 1011 Η.
887 971 940 1012 N.
969 970 1149 1013 XXXIV
1182 971 1250 1020 17,
1287 971 1439 1011 Callias
1469 972 1513 1011 in

36 1046 240 1089 honorem
271 1049 412 1090 dilecti
440 1051 562 1103 pueri
597 1051 755 1090 lautum
793 1053 836 1090 et
872 1051 1044 1102 opipare
1075 1050 1310 1090 convivium
1341 1063 1513 1103 appara-

37 1129 119 1178 vit,
157 1128 267 1181 quod
302 1128 572 1180 descripsisse
610 1132 772 1169 constat
799 1127 1139 1181 Xenophontem.
1201 1128 1354 1169 Postea
1383 1131 1513 1170 Auto-

37 1207 174 1262 lycum
214 1208 342 1259 captis
380 1206 553 1248 Athenis
598 1209 766 1262 triginta
807 1209 990 1248 virorum
1035 1207 1149 1247 iussu
1188 1209 1371 1248 occisum
1419 1221 1514 1247 esse
1571 1231 1576 1232 ν

31 1285 262 1328 'memoriae
299 1286 484 1339 prodidit
519 1286 769 1328 Plutarchus
815 1287 912 1339 Lys.
943 1285 997 1326 15
1036 1298 1078 1339 p.
1110 1286 1207 1326 110.
1278 1289 1371 1339 Quo
1408 1300 1514 1328 anno

29 1366 218 1408 'fabulam
249 1366 357 1406 hanc
396 1366 584 1407 docuerit
613 1367 790 1421 Eupolis
829 1380 880 1407 ex
909 1366 1128 1408 Athenaeo
1157 1367 1409 1419 perspicitur
1444 1367 1515 1406 lib.

31 1442 78 1489 ‘V
106 1447 283 1500 p.2160
312 1442 385 1484 ἐπὶ
414 1441 574 1485 τούτου
603 1445 876 1498 (Aristionem
907 1445 1151 1486 archontem
1173 1444 1292 1497 dicit)
1322 1440 1518 1492 Εὔπολις

28 1512 120 1581 ’ἱὸν
139 1519 400 1565 Αὐτόλυκον
429 1520 612 1575 διδάξας
645 1521 840 1579 χλευάζει
869 1521 952 1576 τὴν
978 1518 1105 1573 νίκην
1133 1521 1213 1562 τοῦ
1243 1519 1516 1574 Αὐτολύκου,

37 1604 86 1667 Ι11.
102 1619 139 1646 e.
153 1605 317 1658 Olymp.
338 1605 552 1645 LXXXIX
566 1605 607 1654 4,
636 1606 763 1659 igitur
792 1618 898 1645 anno
914 1607 1131 1658 postquam
1157 1604 1387 1657 Autolycus
1416 1617 1518 1656 pan-

29 1669 159 1727 {cratii
188 1686 320 1725 victor
351 1688 560 1735 evaserat,
598 1684 841 1737 falliturque
879 1685 983 1724 adeo
1010 1683 1243 1724 Scholiasta
1273 1684 1518 1735 Aristopha-

30 1755 138 1807 'nem
165 1765 294 1817 Vesp.
327 1763 439 1803 1020
477 1763 530 1804 ad
558 1764 777 1817 Eupolidis
807 1765 1055 1816 Autolycum
1095 1764 1332 1815 respexisse
1360 1762 1518 1811 dicens,

49 1859 140 1886 cum
175 1846 342 1897 Vespae
383 1842 464 1882 iam
506 1843 672 1896 Olymp.
704 1843 917 1883 LXXXIX
950 1844 976 1882 2
1016 1846 1132 1882 actae
1169 1841 1340 1882 fuerint.
1410 1842 1520 1881 Duas

34 1915 176 1987 :inisse
204 1923 371 1965 fabulae
399 1922 666 1964 recensiones
697 1925 856 1964 constat
886 1935 911 1963 e
941 1922 1206 1963 citationibus
1234 1921 1418 1962 Pollucis
1440 1920 1520 1962 VII

107 2132 179 2182 ⁶¹)
208 2131 260 2172 V.
290 2129 431 2171 Schol.
469 2130 522 2170 ad
551 2130 1083 2182 Aristoph.Lysist1-.270
1120 2134 1163 2170 et
1193 2131 1356 2171 Platon.
1389 2129 1519 2168 Bekk

157 2202 199 2241 p.
230 2188 329 2235 466,
359 2187 430 2225 ubi
458 2192 746 2239 paupertatem
778 2186 955 2237 Lyconis
985 2187 1029 2227 in
1058 2187 1207 2239 Pytine
1239 2191 1405 2225 notasse
1422 2187 1522 2224 Cra-

160 2245 293 2283 tinum
318 2216 512 2294 legimus,
543 2244 652 2295 qnod
684 2256 736 2282 ne
767 2243 856 2295 quis
888 2250 1108 2305 componat
1138 2256 1230 2282 cum
1262 2244 1353 2281 loco
1377 2241 1523 2280 Gram-

162 2299 300 2340 matiei
338 2299 470 2339 Bekk.
505 2300 663 2340 Anecd.
715 2313 755 2351 p.
796 2299 879 2337 466
920 2301 946 2338 6
1004 2294 1272 2338 Αὐτόῖυκοιτ
1326 2296 1520 2346 πένητές,

162 2347 259 2395 οἷον
287 2350 619 2404 αὐτοδιάκονοι,
658 2357 738 2396 hoc
773 2356 912 2407 ipsum
948 2356 990 2397 in
1022 2350 1332 2404 τιύτολήκυθοι
1362 2358 1523 2395 mutan-

162 2413 260 2452 dum
291 2415 367 2452 est.

113 2471 185 2519 ⁸²)
212 2469 365 2521 Magna
396 2467 688 2507 Panathenaeo
719 2468 843 2507 tertio
874 2479 1039 2520 quoque
1078 2469 1278 2521 cuiusque
1311 2468 1525 2520 Olympia—

165 2526 228 2564 dis
256 2537 362 2564 anno
393 2537 536 2565 mense
562 2525 927 2565 Hecatombaeone
957 2530 1046 2565 acta
1077 2540 1170 2565 esse
1203 2526 1344 2565 docuit
1362 2524 1522 2564 Boeck-

166 2581 337 2678 hin}
292 2582 448 2624 Oecon.
476 2583 627 2625 Athen.
657 2582 697 2625 Π
727 2596 769 2638 p.
786 2581 882 2625 1⁶5⁶
927 2582 1004 2624 cfr.
1035 2583 1219 2625 Clintoni
1238 2585 1388 2625 Fastos
1412 2580 1524 2620 Hell.
