<?xml version="1.0" encoding="UTF-8"?>
<!DOCTYPE html PUBLIC "-//W3C//DTD XHTML 1.0 Transitional//EN"
    "http://www.w3.org/TR/xhtml1/DTD/xhtml1-transitional.dtd">
<html xmlns="http://www.w3.org/1999/xhtml" xml:lang="en" lang="en">
 <head>
  <title>
</title>
<meta http-equiv="Content-Type" content="text/html;charset=utf-8" />
  <meta name='ocr-system' content='tesseract 3.04.00' />
  <meta name='ocr-capabilities' content='ocr_page ocr_carea ocr_par ocr_line ocrx_word'/>
</head>
<body>
  <div class='ocr_page' id='page_1' title='image "./fragmentacomicor01meinuoft_0049.png"; bbox 0 0 1702 3190; ppageno 0'>
   <div class='ocr_carea' id='block_1_1' title="bbox 568 143 1530 188">
    <p class='ocr_par' dir='ltr' id='par_1_1' title="bbox 568 143 1530 188">
     <span class='ocr_line' id='line_1_1' title="bbox 568 143 1530 188; baseline -0.007 0"><span class='ocrx_word' id='word_1_1' title='bbox 568 161 621 188; x_wconf 76' lang='lat' dir='ltr'><strong>m</strong></span> <span class='ocrx_word' id='word_1_2' title='bbox 628 159 742 188; x_wconf 66' lang='lat' dir='ltr'><strong>uua.</strong></span> <span class='ocrx_word' id='word_1_3' title='bbox 803 157 1040 186; x_wconf 72' lang='lat' dir='ltr'><strong>cmomnne.</strong></span> <span class='ocrx_word' id='word_1_4' title='bbox 1472 143 1530 186; x_wconf 72' lang='lat'><strong>27</strong></span> 
     </span>
    </p>
   </div>
   <div class='ocr_carea' id='block_1_2' title="bbox 0 251 1536 2694">
    <p class='ocr_par' dir='ltr' id='par_1_2' title="bbox 0 251 1534 1422">
     <span class='ocr_line' id='line_1_2' title="bbox 52 251 1531 318; baseline -0.008 -11"><span class='ocrx_word' id='word_1_5' title='bbox 52 265 152 306; x_wconf 83' lang='lat' dir='ltr'><strong>Lex.</strong></span> <span class='ocrx_word' id='word_1_6' title='bbox 184 277 231 318; x_wconf 49' lang='lat' dir='ltr'><strong>p,</strong></span> <span class='ocrx_word' id='word_1_7' title='bbox 255 264 354 312; x_wconf 76' lang='lat'><strong>279,</strong></span> <span class='ocrx_word' id='word_1_8' title='bbox 383 259 438 302; x_wconf 82' lang='lat'><strong>25</strong></span> <span class='ocrx_word' id='word_1_9' title='bbox 468 263 512 301; x_wconf 89' lang='lat' dir='ltr'><strong>ct</strong></span> <span class='ocrx_word' id='word_1_10' title='bbox 542 259 743 305; x_wconf 80' lang='lat' dir='ltr'><strong>Arcadius</strong></span> <span class='ocrx_word' id='word_1_11' title='bbox 772 259 826 300; x_wconf 85' lang='lat' dir='ltr'><strong>de</strong></span> <span class='ocrx_word' id='word_1_12' title='bbox 855 270 941 300; x_wconf 82' lang='lat' dir='ltr'><strong>acc.</strong></span> <span class='ocrx_word' id='word_1_13' title='bbox 971 271 1014 312; x_wconf 84' lang='lat' dir='ltr'><strong>p.</strong></span> <span class='ocrx_word' id='word_1_14' title='bbox 1043 257 1099 298; x_wconf 79' lang='lat'><strong>53</strong></span> <span class='ocrx_word' id='word_1_15' title='bbox 1132 251 1316 306; x_wconf 81' lang='grc' dir='ltr'><strong><em>Μύλλος</em></strong></span> <span class='ocrx_word' id='word_1_16' title='bbox 1344 252 1531 307; x_wconf 81' lang='grc' dir='ltr'><strong><em>ποιητὴς</em></strong></span> 
     </span>
     <span class='ocr_line' id='line_1_3' title="bbox 49 331 1532 398; baseline -0.005 -13"><span class='ocrx_word' id='word_1_17' title='bbox 49 338 249 398; x_wconf 83' lang='grc' dir='ltr'><strong><em>κωμικός.</em></strong></span> <span class='ocrx_word' id='word_1_18' title='bbox 314 341 559 383; x_wconf 78' lang='lat' dir='ltr'><strong>Eustathius</strong></span> <span class='ocrx_word' id='word_1_19' title='bbox 597 340 650 381; x_wconf 89' lang='lat' dir='ltr'><strong>ad</strong></span> <span class='ocrx_word' id='word_1_20' title='bbox 690 339 805 380; x_wconf 80' lang='lat' dir='ltr'>Iliad.</span> <span class='ocrx_word' id='word_1_21' title='bbox 835 351 877 392; x_wconf 88' lang='lat' dir='ltr'><strong>p.</strong></span> <span class='ocrx_word' id='word_1_22' title='bbox 907 339 1006 387; x_wconf 79' lang='lat'><strong>906,</strong></span> <span class='ocrx_word' id='word_1_23' title='bbox 1035 336 1092 377; x_wconf 81' lang='lat'><strong>53</strong></span> <span class='ocrx_word' id='word_1_24' title='bbox 1131 331 1315 384; x_wconf 66' lang='grc' dir='ltr'><strong><em>,Μύλλος</em></strong></span> <span class='ocrx_word' id='word_1_25' title='bbox 1343 336 1424 389; x_wconf 82' lang='grc' dir='ltr'><strong>μὲν</strong></span> <span class='ocrx_word' id='word_1_26' title='bbox 1451 331 1532 377; x_wconf 66' lang='lat'>2:15-</span> 
     </span>
     <span class='ocr_line' id='line_1_4' title="bbox 50 411 1533 478; baseline -0.002 -15"><span class='ocrx_word' id='word_1_27' title='bbox 50 434 165 478; x_wconf 84' lang='grc' dir='ltr'><strong><em>ριον,</em></strong></span> <span class='ocrx_word' id='word_1_28' title='bbox 202 416 365 475; x_wconf 80' lang='grc' dir='ltr'><strong><em>μυλλὸς</em></strong></span> <span class='ocrx_word' id='word_1_29' title='bbox 394 417 440 458; x_wconf 72' lang='grc' dir='ltr'><strong>δὲ</strong></span> <span class='ocrx_word' id='word_1_30' title='bbox 472 416 815 474; x_wconf 70' lang='grc' dir='ltr'><strong><em>διεστραμμένος</em></strong></span> <span class='ocrx_word' id='word_1_31' title='bbox 841 412 924 467; x_wconf 82' lang='grc' dir='ltr'><strong>τὴν</strong></span> <span class='ocrx_word' id='word_1_32' title='bbox 952 411 1075 471; x_wconf 80' lang='grc' dir='ltr'><strong><em>ὄψιν.</em></strong></span> <span class='ocrx_word' id='word_1_33' title='bbox 1140 414 1255 454; x_wconf 86' lang='lat' dir='ltr'>Idem</span> <span class='ocrx_word' id='word_1_34' title='bbox 1285 417 1337 456; x_wconf 89' lang='lat' dir='ltr'><strong>ad</strong></span> <span class='ocrx_word' id='word_1_35' title='bbox 1378 418 1533 471; x_wconf 73' lang='lat' dir='ltr'><strong>Odyss-</strong></span> 
     </span>
     <span class='ocr_line' id='line_1_5' title="bbox 50 486 1534 556; baseline -0.005 -13"><span class='ocrx_word' id='word_1_36' title='bbox 50 515 93 556; x_wconf 84' lang='lat' dir='ltr'><strong>p.</strong></span> <span class='ocrx_word' id='word_1_37' title='bbox 124 500 248 550; x_wconf 79' lang='lat'><strong>1885,</strong></span> <span class='ocrx_word' id='word_1_38' title='bbox 279 501 331 540; x_wconf 80' lang='lat'><strong>21</strong></span> <span class='ocrx_word' id='word_1_39' title='bbox 374 493 569 546; x_wconf 52' lang='lat' dir='ltr'><strong>Mum-09,</strong></span> <span class='ocrx_word' id='word_1_40' title='bbox 611 490 720 552; x_wconf 76' lang='grc' dir='ltr'><strong><em>ὅπερ</em></strong></span> <span class='ocrx_word' id='word_1_41' title='bbox 757 494 853 537; x_wconf 79' lang='grc' dir='ltr'><strong><em>ἐστὶ</em></strong></span> <span class='ocrx_word' id='word_1_42' title='bbox 891 490 1043 550; x_wconf 76' lang='grc' dir='ltr'><strong><em>κύριον</em></strong></span> <span class='ocrx_word' id='word_1_43' title='bbox 1069 486 1307 549; x_wconf 77' lang='grc' dir='ltr'><strong><em>ὑποκριτοῦ</em></strong></span> <span class='ocrx_word' id='word_1_44' title='bbox 1335 493 1416 536; x_wconf 81' lang='grc' dir='ltr'><strong>τοῦ</strong></span> <span class='ocrx_word' id='word_1_45' title='bbox 1444 509 1534 536; x_wconf 79' lang='grc' dir='ltr'><strong>πα-</strong></span> 
     </span>
     <span class='ocr_line' id='line_1_6' title="bbox 52 567 1532 632; baseline -0.002 -13"><span class='ocrx_word' id='word_1_46' title='bbox 52 577 201 631; x_wconf 80' lang='grc' dir='ltr'><strong><em>λαιοῦ,</em></strong></span> <span class='ocrx_word' id='word_1_47' title='bbox 232 573 280 626; x_wconf 80' lang='grc' dir='ltr'><strong>ὃς</strong></span> <span class='ocrx_word' id='word_1_48' title='bbox 308 577 540 632; x_wconf 81' lang='grc' dir='ltr'><strong><em>μιλτωτοῖς</em></strong></span> <span class='ocrx_word' id='word_1_49' title='bbox 569 576 686 632; x_wconf 76' lang='grc' dir='ltr'><strong><em>φασὶ</em></strong></span> <span class='ocrx_word' id='word_1_50' title='bbox 714 571 1005 631; x_wconf 72' lang='grc' dir='ltr'><strong><em>προσωπείοις</em></strong></span> <span class='ocrx_word' id='word_1_51' title='bbox 1032 567 1270 628; x_wconf 73' lang='grc' dir='ltr'><strong><em>ἐχρήσατο,</em></strong></span> <span class='ocrx_word' id='word_1_52' title='bbox 1305 574 1378 615; x_wconf 90' lang='lat' dir='ltr'><strong>ubi</strong></span> <span class='ocrx_word' id='word_1_53' title='bbox 1419 573 1532 627; x_wconf 88' lang='lat' dir='ltr'><strong>quod</strong></span> 
     </span>
     <span class='ocr_line' id='line_1_7' title="bbox 51 653 1532 709; baseline -0.003 -10"><span class='ocrx_word' id='word_1_54' title='bbox 51 659 198 700; x_wconf 85' lang='lat' dir='ltr'><strong>histrio</strong></span> <span class='ocrx_word' id='word_1_55' title='bbox 230 658 391 707; x_wconf 82' lang='lat' dir='ltr'><strong>dicitur,</strong></span> <span class='ocrx_word' id='word_1_56' title='bbox 423 670 546 709; x_wconf 84' lang='lat' dir='ltr'><strong>quem</strong></span> <span class='ocrx_word' id='word_1_57' title='bbox 575 656 705 696; x_wconf 86' lang='lat' dir='ltr'><strong>ceteri</strong></span> <span class='ocrx_word' id='word_1_58' title='bbox 735 655 1043 697; x_wconf 86' lang='lat' dir='ltr'><strong>comoediarum</strong></span> <span class='ocrx_word' id='word_1_59' title='bbox 1073 658 1239 708; x_wconf 87' lang='lat' dir='ltr'><strong>poetam</strong></span> <span class='ocrx_word' id='word_1_60' title='bbox 1270 653 1425 704; x_wconf 86' lang='lat' dir='ltr'><strong>dicunt,</strong></span> <span class='ocrx_word' id='word_1_61' title='bbox 1456 667 1532 694; x_wconf 87' lang='lat' dir='ltr'><strong>ne-</strong></span> 
     </span>
     <span class='ocr_line' id='line_1_8' title="bbox 0 729 1532 790; baseline -0.001 -13"><span class='ocrx_word' id='word_1_62' title='bbox 0 740 3 783; x_wconf 67' lang='lat'><em>}</em></span> <span class='ocrx_word' id='word_1_63' title='bbox 51 737 152 778; x_wconf 89' lang='lat' dir='ltr'><strong>mini</strong></span> <span class='ocrx_word' id='word_1_64' title='bbox 183 737 326 777; x_wconf 85' lang='lat' dir='ltr'><strong>fucum</strong></span> <span class='ocrx_word' id='word_1_65' title='bbox 356 736 495 776; x_wconf 85' lang='lat' dir='ltr'><strong>faciet.</strong></span> <span class='ocrx_word' id='word_1_66' title='bbox 528 735 649 788; x_wconf 79' lang='lat' dir='ltr'><strong>Quod</strong></span> <span class='ocrx_word' id='word_1_67' title='bbox 679 740 818 776; x_wconf 86' lang='lat' dir='ltr'><strong>autem</strong></span> <span class='ocrx_word' id='word_1_68' title='bbox 845 732 1080 788; x_wconf 77' lang='grc' dir='ltr'><strong><em>μιλτωτοῖς</em></strong></span> <span class='ocrx_word' id='word_1_69' title='bbox 1109 729 1401 790; x_wconf 79' lang='grc' dir='ltr'><strong><em>προσωπείοις</em></strong></span> <span class='ocrx_word' id='word_1_70' title='bbox 1428 745 1532 775; x_wconf 76' lang='lat' dir='ltr'><strong>usus</strong></span> 
     </span>
     <span class='ocr_line' id='line_1_9' title="bbox 0 800 1531 869; baseline -0.003 -11"><span class='ocrx_word' id='word_1_71' title='bbox 0 800 2 839; x_wconf 38' lang='grc' dir='ltr'>ἶ</span> <span class='ocrx_word' id='word_1_72' title='bbox 53 830 146 858; x_wconf 72' lang='lat' dir='ltr'><strong>esse</strong></span> <span class='ocrx_word' id='word_1_73' title='bbox 173 814 430 869; x_wconf 83' lang='lat' dir='ltr'><strong>perhibetur,</strong></span> <span class='ocrx_word' id='word_1_74' title='bbox 462 815 710 854; x_wconf 88' lang='lat' dir='ltr'><strong>documento</strong></span> <span class='ocrx_word' id='word_1_75' title='bbox 742 817 818 863; x_wconf 81' lang='lat' dir='ltr'><strong>est,</strong></span> <span class='ocrx_word' id='word_1_76' title='bbox 847 814 1035 854; x_wconf 80' lang='lat' dir='ltr'><strong>inventas</strong></span> <span class='ocrx_word' id='word_1_77' title='bbox 1065 812 1146 854; x_wconf 89' lang='lat' dir='ltr'><strong>iam</strong></span> <span class='ocrx_word' id='word_1_78' title='bbox 1177 818 1265 854; x_wconf 86' lang='lat' dir='ltr'><strong>tum</strong></span> <span class='ocrx_word' id='word_1_79' title='bbox 1283 814 1414 854; x_wconf 87' lang='lat' dir='ltr'><strong>fuisse</strong></span> <span class='ocrx_word' id='word_1_80' title='bbox 1432 827 1531 867; x_wconf 88' lang='lat' dir='ltr'><strong>per-</strong></span> 
     </span>
     <span class='ocr_line' id='line_1_10' title="bbox 51 892 1530 947; baseline -0.002 -9"><span class='ocrx_word' id='word_1_81' title='bbox 51 909 173 938; x_wconf 76' lang='lat' dir='ltr'><strong>sonas</strong></span> <span class='ocrx_word' id='word_1_82' title='bbox 208 894 416 943; x_wconf 86' lang='lat' dir='ltr'><strong>scenicas,</strong></span> <span class='ocrx_word' id='word_1_83' title='bbox 455 894 531 933; x_wconf 84' lang='lat' dir='ltr'><strong>sed</strong></span> <span class='ocrx_word' id='word_1_84' title='bbox 567 894 626 934; x_wconf 86' lang='lat' dir='ltr'><strong>ita</strong></span> <span class='ocrx_word' id='word_1_85' title='bbox 663 896 711 933; x_wconf 88' lang='lat' dir='ltr'><strong>ut</strong></span> <span class='ocrx_word' id='word_1_86' title='bbox 743 894 943 947; x_wconf 82' lang='lat' dir='ltr'><strong>pristinae</strong></span> <span class='ocrx_word' id='word_1_87' title='bbox 979 894 1140 934; x_wconf 83' lang='lat' dir='ltr'><strong>vultum</strong></span> <span class='ocrx_word' id='word_1_88' title='bbox 1177 894 1302 934; x_wconf 89' lang='lat' dir='ltr'><strong>minio</strong></span> <span class='ocrx_word' id='word_1_89' title='bbox 1339 892 1530 935; x_wconf 76' lang='lat' dir='ltr'><strong>illinendi</strong></span> 
     </span>
     <span class='ocr_line' id='line_1_11' title="bbox 53 973 1529 1026; baseline -0.003 -10"><span class='ocrx_word' id='word_1_90' title='bbox 53 973 361 1016; x_wconf 83' lang='lat' dir='ltr'><strong>consuetudinis</strong></span> <span class='ocrx_word' id='word_1_91' title='bbox 390 973 564 1025; x_wconf 84' lang='lat' dir='ltr'><strong>vestigia</strong></span> <span class='ocrx_word' id='word_1_92' title='bbox 593 976 874 1025; x_wconf 84' lang='lat' dir='ltr'><strong>superessent.</strong></span> <span class='ocrx_word' id='word_1_93' title='bbox 932 973 1122 1026; x_wconf 85' lang='lat' dir='ltr'><strong>Denique</strong></span> <span class='ocrx_word' id='word_1_94' title='bbox 1146 973 1198 1012; x_wconf 88' lang='lat' dir='ltr'><strong>ad</strong></span> <span class='ocrx_word' id='word_1_95' title='bbox 1222 973 1400 1013; x_wconf 89' lang='lat' dir='ltr'><strong>eundem</strong></span> <span class='ocrx_word' id='word_1_96' title='bbox 1420 973 1529 1026; x_wconf 74' lang='lat' dir='ltr'>Myl-</span> 
     </span>
     <span class='ocr_line' id='line_1_12' title="bbox 52 1047 1532 1106; baseline -0.001 -12"><span class='ocrx_word' id='word_1_97' title='bbox 52 1054 139 1094; x_wconf 90' lang='lat' dir='ltr'><strong>lum</strong></span> <span class='ocrx_word' id='word_1_98' title='bbox 169 1056 358 1106; x_wconf 79' lang='lat' dir='ltr'><strong>spectare</strong></span> <span class='ocrx_word' id='word_1_99' title='bbox 387 1052 581 1092; x_wconf 84' lang='lat' dir='ltr'><strong>videntur</strong></span> <span class='ocrx_word' id='word_1_100' title='bbox 609 1052 715 1092; x_wconf 88' lang='lat' dir='ltr'><strong>haec</strong></span> <span class='ocrx_word' id='word_1_101' title='bbox 744 1051 884 1092; x_wconf 89' lang='lat' dir='ltr'><strong>Photii</strong></span> <span class='ocrx_word' id='word_1_102' title='bbox 908 1052 1013 1093; x_wconf 82' lang='lat' dir='ltr'><strong>Lex.</strong></span> <span class='ocrx_word' id='word_1_103' title='bbox 1041 1065 1084 1105; x_wconf 87' lang='lat' dir='ltr'><strong>p.</strong></span> <span class='ocrx_word' id='word_1_104' title='bbox 1115 1053 1212 1101; x_wconf 77' lang='lat'><strong>236,</strong></span> <span class='ocrx_word' id='word_1_105' title='bbox 1243 1053 1299 1091; x_wconf 87' lang='lat' dir='ltr'><strong>lo</strong></span> <span class='ocrx_word' id='word_1_106' title='bbox 1334 1047 1532 1100; x_wconf 68' lang='grc' dir='ltr'><strong><em>Λὺλλοςε</em></strong></span> 
     </span>
     <span class='ocr_line' id='line_1_13' title="bbox 52 1115 1531 1186; baseline 0.001 -15"><span class='ocrx_word' id='word_1_107' title='bbox 52 1129 238 1181; x_wconf 85' lang='grc' dir='ltr'><strong><em>ποιητὴς</em></strong></span> <span class='ocrx_word' id='word_1_108' title='bbox 273 1128 347 1171; x_wconf 81' lang='grc' dir='ltr'><strong>ἐπὶ</strong></span> <span class='ocrx_word' id='word_1_109' title='bbox 380 1115 528 1186; x_wconf 69' lang='grc' dir='ltr'><strong><em>μωρίᾳ</em></strong></span> <span class='ocrx_word' id='word_1_110' title='bbox 566 1125 921 1186; x_wconf 73' lang='grc' dir='ltr'><strong><em>κωμῳδούμενος.</em></strong></span> <span class='ocrx_word' id='word_1_111' title='bbox 991 1133 1108 1183; x_wconf 76' lang='lat' dir='ltr'><strong>Quae</strong></span> <span class='ocrx_word' id='word_1_112' title='bbox 1152 1131 1293 1184; x_wconf 86' lang='lat' dir='ltr'><strong>paullo</strong></span> <span class='ocrx_word' id='word_1_113' title='bbox 1333 1131 1531 1184; x_wconf 65' lang='lat' dir='ltr'><strong>pinguius</strong></span> 
     </span>
     <span class='ocr_line' id='line_1_14' title="bbox 52 1210 1534 1263; baseline 0 -12"><span class='ocrx_word' id='word_1_114' title='bbox 52 1212 263 1252; x_wconf 81' lang='lat' dir='ltr'><strong>enuntiata</strong></span> <span class='ocrx_word' id='word_1_115' title='bbox 292 1214 412 1261; x_wconf 82' lang='lat' dir='ltr'><strong>sunt3</strong></span> <span class='ocrx_word' id='word_1_116' title='bbox 442 1222 580 1262; x_wconf 86' lang='lat' dir='ltr'><strong>neque</strong></span> <span class='ocrx_word' id='word_1_117' title='bbox 609 1211 720 1250; x_wconf 90' lang='lat' dir='ltr'><strong>enim</strong></span> <span class='ocrx_word' id='word_1_118' title='bbox 740 1210 898 1262; x_wconf 81' lang='lat' dir='ltr'><strong>Myllus</strong></span> <span class='ocrx_word' id='word_1_119' title='bbox 918 1213 1092 1263; x_wconf 85' lang='lat' dir='ltr'><strong>propter</strong></span> <span class='ocrx_word' id='word_1_120' title='bbox 1112 1210 1329 1250; x_wconf 80' lang='lat' dir='ltr'><strong>stultitiam</strong></span> <span class='ocrx_word' id='word_1_121' title='bbox 1359 1212 1410 1250; x_wconf 86' lang='lat' dir='ltr'><strong>ab</strong></span> <span class='ocrx_word' id='word_1_122' title='bbox 1441 1212 1534 1252; x_wconf 77' lang='lat' dir='ltr'><strong>aliia</strong></span> 
     </span>
     <span class='ocr_line' id='line_1_15' title="bbox 51 1289 1533 1345; baseline 0.001 -15"><span class='ocrx_word' id='word_1_123' title='bbox 51 1291 188 1345; x_wconf 77' lang='lat' dir='ltr'><strong>poetis</strong></span> <span class='ocrx_word' id='word_1_124' title='bbox 216 1290 445 1339; x_wconf 82' lang='lat' dir='ltr'><strong>ridebatur,</strong></span> <span class='ocrx_word' id='word_1_125' title='bbox 475 1290 551 1330; x_wconf 82' lang='lat' dir='ltr'><strong>sed</strong></span> <span class='ocrx_word' id='word_1_126' title='bbox 579 1289 794 1330; x_wconf 83' lang='lat' dir='ltr'><strong>stultitiam</strong></span> <span class='ocrx_word' id='word_1_127' title='bbox 825 1290 1056 1330; x_wconf 85' lang='lat' dir='ltr'><strong>simulantis</strong></span> <span class='ocrx_word' id='word_1_128' title='bbox 1084 1292 1224 1343; x_wconf 82' lang='lat' dir='ltr'><strong>partes</strong></span> <span class='ocrx_word' id='word_1_129' title='bbox 1253 1289 1296 1330; x_wconf 90' lang='lat' dir='ltr'><strong>in</strong></span> <span class='ocrx_word' id='word_1_130' title='bbox 1325 1290 1411 1331; x_wconf 69' lang='lat' dir='ltr'><strong>tuis</strong></span> <span class='ocrx_word' id='word_1_131' title='bbox 1438 1291 1533 1344; x_wconf 80' lang='lat' dir='ltr'><strong>ipse</strong></span> 
     </span>
     <span class='ocr_line' id='line_1_16' title="bbox 51 1369 395 1422; baseline 0 -12"><span class='ocrx_word' id='word_1_132' title='bbox 51 1369 204 1410; x_wconf 78' lang='lat' dir='ltr'><strong>fabulis</strong></span> <span class='ocrx_word' id='word_1_133' title='bbox 234 1370 395 1422; x_wconf 78' lang='lat' dir='ltr'><strong>agebat.</strong></span> 
     </span>
    </p>

    <p class='ocr_par' dir='ltr' id='par_1_3' title="bbox 52 1448 1536 2694">
     <span class='ocr_line' id='line_1_17' title="bbox 165 1448 1535 1502; baseline 0 -13"><span class='ocrx_word' id='word_1_134' title='bbox 165 1448 344 1502; x_wconf 81' lang='lat' dir='ltr'><strong>Myllum</strong></span> <span class='ocrx_word' id='word_1_135' title='bbox 390 1451 636 1500; x_wconf 84' lang='lat' dir='ltr'><strong>ceterosque</strong></span> <span class='ocrx_word' id='word_1_136' title='bbox 686 1448 755 1501; x_wconf 90' lang='lat' dir='ltr'><strong>qui</strong></span> <span class='ocrx_word' id='word_1_137' title='bbox 794 1460 877 1489; x_wconf 81' lang='lat' dir='ltr'><strong>una</strong></span> <span class='ocrx_word' id='word_1_138' title='bbox 926 1461 1020 1488; x_wconf 88' lang='lat' dir='ltr'><strong>cum</strong></span> <span class='ocrx_word' id='word_1_139' title='bbox 1059 1459 1109 1487; x_wconf 87' lang='lat' dir='ltr'><strong>eo</strong></span> <span class='ocrx_word' id='word_1_140' title='bbox 1154 1450 1535 1489; x_wconf 80' lang='lat' dir='ltr'><strong>commemorantur</strong></span> 
     </span>
     <span class='ocr_line' id='line_1_18' title="bbox 52 1527 1535 1581; baseline 0.001 -13"><span class='ocrx_word' id='word_1_141' title='bbox 52 1531 199 1581; x_wconf 79' lang='lat' dir='ltr'><strong>poetas</strong></span> <span class='ocrx_word' id='word_1_142' title='bbox 236 1528 449 1581; x_wconf 80' lang='lat' dir='ltr'><strong>proximus</strong></span> <span class='ocrx_word' id='word_1_143' title='bbox 487 1527 666 1579; x_wconf 86' lang='lat' dir='ltr'><strong>quidem,</strong></span> <span class='ocrx_word' id='word_1_144' title='bbox 706 1533 749 1568; x_wconf 88' lang='lat' dir='ltr'><strong>at</strong></span> <span class='ocrx_word' id='word_1_145' title='bbox 777 1529 875 1568; x_wconf 83' lang='lat' dir='ltr'><strong>satis</strong></span> <span class='ocrx_word' id='word_1_146' title='bbox 905 1528 1031 1581; x_wconf 83' lang='lat' dir='ltr'><strong>longo</strong></span> <span class='ocrx_word' id='word_1_147' title='bbox 1059 1530 1200 1568; x_wconf 90' lang='lat' dir='ltr'><strong>tamen</strong></span> <span class='ocrx_word' id='word_1_148' title='bbox 1228 1528 1439 1580; x_wconf 82' lang='lat' dir='ltr'><strong>proximus</strong></span> <span class='ocrx_word' id='word_1_149' title='bbox 1468 1528 1535 1570; x_wconf 88' lang='lat' dir='ltr'><strong>in·-</strong></span> 
     </span>
     <span class='ocr_line' id='line_1_19' title="bbox 54 1605 1533 1659; baseline 0.002 -13"><span class='ocrx_word' id='word_1_150' title='bbox 54 1607 228 1647; x_wconf 80' lang='lat' dir='ltr'><strong>tervallo</strong></span> <span class='ocrx_word' id='word_1_151' title='bbox 259 1607 409 1659; x_wconf 83' lang='lat' dir='ltr'><strong>excipit</strong></span> <span class='ocrx_word' id='word_1_152' title='bbox 437 1607 744 1649; x_wconf 85' lang='lat' dir='ltr'>CHIONIDES</span> <span class='ocrx_word' id='word_1_153' title='bbox 780 1607 1061 1655; x_wconf 78' lang='lat' dir='ltr'><strong>Atheniensis,</strong></span> <span class='ocrx_word' id='word_1_154' title='bbox 1093 1605 1147 1645; x_wconf 86' lang='lat' dir='ltr'><strong>de</strong></span> <span class='ocrx_word' id='word_1_155' title='bbox 1177 1618 1258 1658; x_wconf 91' lang='lat' dir='ltr'><strong>quo</strong></span> <span class='ocrx_word' id='word_1_156' title='bbox 1286 1607 1344 1646; x_wconf 87' lang='lat' dir='ltr'><strong>ita</strong></span> <span class='ocrx_word' id='word_1_157' title='bbox 1362 1607 1533 1649; x_wconf 80' lang='lat' dir='ltr'><strong>Suidas=</strong></span> 
     </span>
     <span class='ocr_line' id='line_1_20' title="bbox 60 1679 1535 1741; baseline 0.001 -16"><span class='ocrx_word' id='word_1_158' title='bbox 60 1680 305 1733; x_wconf 84' lang='grc' dir='ltr'><strong><em>Χιωνίδης,</em></strong></span> <span class='ocrx_word' id='word_1_159' title='bbox 339 1679 620 1735; x_wconf 76' lang='grc' dir='ltr'><strong><em>Ἀθηναῖος,</em></strong></span> <span class='ocrx_word' id='word_1_160' title='bbox 658 1682 845 1739; x_wconf 82' lang='grc' dir='ltr'><strong><em>κωμικὸς</em></strong></span> <span class='ocrx_word' id='word_1_161' title='bbox 873 1683 951 1735; x_wconf 79' lang='grc' dir='ltr'><strong>τῆς</strong></span> <span class='ocrx_word' id='word_1_162' title='bbox 978 1680 1166 1740; x_wconf 76' lang='grc' dir='ltr'><strong><em>ἀρχαίας</em></strong></span> <span class='ocrx_word' id='word_1_163' title='bbox 1195 1682 1448 1741; x_wconf 79' lang='grc' dir='ltr'><strong><em>κωμῳδίας,</em></strong></span> <span class='ocrx_word' id='word_1_164' title='bbox 1480 1682 1535 1727; x_wconf 79' lang='grc' dir='ltr'><strong>ὃν</strong></span> 
     </span>
     <span class='ocr_line' id='line_1_21' title="bbox 55 1749 1536 1821; baseline 0 -17"><span class='ocrx_word' id='word_1_165' title='bbox 55 1761 133 1804; x_wconf 82' lang='grc' dir='ltr'><strong>καὶ</strong></span> <span class='ocrx_word' id='word_1_166' title='bbox 166 1760 341 1815; x_wconf 75' lang='grc' dir='ltr'><strong><em>λέγουσι</em></strong></span> <span class='ocrx_word' id='word_1_167' title='bbox 376 1749 750 1817; x_wconf 76' lang='grc' dir='ltr'><strong><em>πρωταγωνιστὴν</em></strong></span> <span class='ocrx_word' id='word_1_168' title='bbox 786 1762 1002 1816; x_wconf 78' lang='grc' dir='ltr'><strong><em>γενέσθαι</em></strong></span> <span class='ocrx_word' id='word_1_169' title='bbox 1037 1761 1116 1813; x_wconf 77' lang='grc' dir='ltr'><strong>τῆς</strong></span> <span class='ocrx_word' id='word_1_170' title='bbox 1154 1759 1343 1819; x_wconf 75' lang='grc' dir='ltr'><strong><em>ἀρχαίας</em></strong></span> <span class='ocrx_word' id='word_1_171' title='bbox 1376 1778 1536 1821; x_wconf 75' lang='grc' dir='ltr'><strong><em>κωμῳ-</em></strong></span> 
     </span>
     <span class='ocr_line' id='line_1_22' title="bbox 57 1836 1534 1897; baseline 0.004 -16"><span class='ocrx_word' id='word_1_172' title='bbox 57 1837 168 1889; x_wconf 85' lang='grc' dir='ltr'><strong><em>δίας,</em></strong></span> <span class='ocrx_word' id='word_1_173' title='bbox 203 1836 429 1881; x_wconf 77' lang='grc' dir='ltr'><strong><em>διδάσκειν</em></strong></span> <span class='ocrx_word' id='word_1_174' title='bbox 458 1839 505 1881; x_wconf 81' lang='grc' dir='ltr'><strong>δὲ</strong></span> <span class='ocrx_word' id='word_1_175' title='bbox 534 1838 675 1883; x_wconf 76' lang='grc' dir='ltr'><strong><em>ἔτεσιν</em></strong></span> <span class='ocrx_word' id='word_1_176' title='bbox 703 1839 812 1883; x_wconf 78' lang='grc' dir='ltr'><em>ὀκτώ</em></span> <span class='ocrx_word' id='word_1_177' title='bbox 844 1839 930 1897; x_wconf 86' lang='grc' dir='ltr'><strong>πρὸ</strong></span> <span class='ocrx_word' id='word_1_178' title='bbox 958 1840 1046 1882; x_wconf 78' lang='grc' dir='ltr'><strong>τῶν</strong></span> <span class='ocrx_word' id='word_1_179' title='bbox 1068 1841 1314 1897; x_wconf 72' lang='grc' dir='ltr'><strong><em>Περσικῶν.</em></strong></span> <span class='ocrx_word' id='word_1_180' title='bbox 1372 1846 1534 1887; x_wconf 77' lang='lat' dir='ltr'><strong>Eadem</strong></span> 
     </span>
     <span class='ocr_line' id='line_1_23' title="bbox 53 1920 1534 1974; baseline 0.002 -11"><span class='ocrx_word' id='word_1_181' title='bbox 53 1920 242 1963; x_wconf 82' lang='lat' dir='ltr'><strong>Eudocia</strong></span> <span class='ocrx_word' id='word_1_182' title='bbox 277 1934 320 1974; x_wconf 89' lang='lat' dir='ltr'><strong>p.</strong></span> <span class='ocrx_word' id='word_1_183' title='bbox 349 1921 447 1962; x_wconf 80' lang='lat'><strong>436.</strong></span> <span class='ocrx_word' id='word_1_184' title='bbox 515 1923 702 1974; x_wconf 75' lang='lat' dir='ltr'><strong>Quorum</strong></span> <span class='ocrx_word' id='word_1_185' title='bbox 743 1924 779 1963; x_wconf 87' lang='lat' dir='ltr'><strong>si</strong></span> <span class='ocrx_word' id='word_1_186' title='bbox 814 1937 914 1964; x_wconf 82' lang='lat' dir='ltr'><strong>vera</strong></span> <span class='ocrx_word' id='word_1_187' title='bbox 951 1927 1015 1963; x_wconf 87' lang='lat' dir='ltr'><strong>est</strong></span> <span class='ocrx_word' id='word_1_188' title='bbox 1051 1923 1104 1963; x_wconf 90' lang='lat' dir='ltr'><strong>de</strong></span> <span class='ocrx_word' id='word_1_189' title='bbox 1144 1926 1280 1963; x_wconf 83' lang='lat' dir='ltr'><strong>aetate</strong></span> <span class='ocrx_word' id='word_1_190' title='bbox 1319 1924 1534 1966; x_wconf 82' lang='lat' dir='ltr'><strong>Chionidis</strong></span> 
     </span>
     <span class='ocr_line' id='line_1_24' title="bbox 54 2000 1531 2056; baseline 0.002 -16"><span class='ocrx_word' id='word_1_191' title='bbox 54 2000 283 2050; x_wconf 81' lang='lat' dir='ltr'><strong>sententia,</strong></span> <span class='ocrx_word' id='word_1_192' title='bbox 322 2000 550 2041; x_wconf 82' lang='lat' dir='ltr'><strong>Chionides</strong></span> <span class='ocrx_word' id='word_1_193' title='bbox 587 2002 669 2042; x_wconf 90' lang='lat' dir='ltr'><strong>iam</strong></span> <span class='ocrx_word' id='word_1_194' title='bbox 709 2003 875 2056; x_wconf 81' lang='lat' dir='ltr'><strong>Olymp.</strong></span> <span class='ocrx_word' id='word_1_195' title='bbox 912 2002 1084 2051; x_wconf 87' lang='lat' dir='ltr'>LXXII,</span> <span class='ocrx_word' id='word_1_196' title='bbox 1113 2003 1140 2042; x_wconf 81' lang='lat'>4</span> <span class='ocrx_word' id='word_1_197' title='bbox 1178 2002 1245 2042; x_wconf 83' lang='lat' dir='ltr'><strong>vel</strong></span> <span class='ocrx_word' id='word_1_198' title='bbox 1284 2003 1476 2053; x_wconf 85' lang='lat' dir='ltr'>LXXIII,</span> <span class='ocrx_word' id='word_1_199' title='bbox 1507 2004 1531 2055; x_wconf 67' lang='lat'>1</span> 
     </span>
     <span class='ocr_line' id='line_1_25' title="bbox 54 2078 1536 2137; baseline 0.003 -18"><span class='ocrx_word' id='word_1_200' title='bbox 54 2078 216 2120; x_wconf 82' lang='lat' dir='ltr'><strong>fabulas</strong></span> <span class='ocrx_word' id='word_1_201' title='bbox 243 2078 385 2119; x_wconf 86' lang='lat' dir='ltr'><strong>docuit</strong></span> <span class='ocrx_word' id='word_1_202' title='bbox 415 2084 538 2132; x_wconf 83' lang='lat' dir='ltr'><strong>atque</strong></span> <span class='ocrx_word' id='word_1_203' title='bbox 568 2082 702 2137; x_wconf 55' lang='lat' dir='ltr'><strong>Myllo</strong></span> <span class='ocrx_word' id='word_1_204' title='bbox 733 2084 967 2135; x_wconf 81' lang='lat' dir='ltr'><strong>ceterisque</strong></span> <span class='ocrx_word' id='word_1_205' title='bbox 986 2082 1125 2135; x_wconf 83' lang='lat' dir='ltr'><strong>paullo</strong></span> <span class='ocrx_word' id='word_1_206' title='bbox 1150 2082 1356 2133; x_wconf 77' lang='lat' dir='ltr'><strong>antiquior</strong></span> <span class='ocrx_word' id='word_1_207' title='bbox 1377 2084 1536 2124; x_wconf 87' lang='lat' dir='ltr'><strong>haben-</strong></span> 
     </span>
     <span class='ocr_line' id='line_1_26' title="bbox 56 2158 1535 2215; baseline 0.003 -17"><span class='ocrx_word' id='word_1_208' title='bbox 56 2158 134 2198; x_wconf 82' lang='lat' dir='ltr'><strong>dus</strong></span> <span class='ocrx_word' id='word_1_209' title='bbox 170 2161 248 2199; x_wconf 86' lang='lat' dir='ltr'><strong>est.</strong></span> <span class='ocrx_word' id='word_1_210' title='bbox 313 2158 401 2200; x_wconf 83' lang='lat' dir='ltr'><strong>Cfr.</strong></span> <span class='ocrx_word' id='word_1_211' title='bbox 430 2160 573 2201; x_wconf 85' lang='lat' dir='ltr'><strong>Wolfii</strong></span> <span class='ocrx_word' id='word_1_212' title='bbox 603 2160 717 2202; x_wconf 86' lang='lat' dir='ltr'><strong>Prol.</strong></span> <span class='ocrx_word' id='word_1_213' title='bbox 751 2162 803 2202; x_wconf 83' lang='lat' dir='ltr'><strong>ad</strong></span> <span class='ocrx_word' id='word_1_214' title='bbox 832 2162 959 2203; x_wconf 92' lang='lat' dir='ltr'><strong>Hom.</strong></span> <span class='ocrx_word' id='word_1_215' title='bbox 1002 2174 1045 2215; x_wconf 84' lang='lat' dir='ltr'><strong>p.</strong></span> <span class='ocrx_word' id='word_1_216' title='bbox 1076 2161 1226 2202; x_wconf 86' lang='lat' dir='ltr'>LXIX.</span> <span class='ocrx_word' id='word_1_217' title='bbox 1293 2163 1414 2214; x_wconf 79' lang='lat' dir='ltr'><strong>Quod</strong></span> <span class='ocrx_word' id='word_1_218' title='bbox 1453 2176 1535 2214; x_wconf 87' lang='lat' dir='ltr'><strong>quo</strong></span> 
     </span>
     <span class='ocr_line' id='line_1_27' title="bbox 55 2237 1535 2295; baseline 0.003 -18"><span class='ocrx_word' id='word_1_219' title='bbox 55 2237 190 2277; x_wconf 81' lang='lat' dir='ltr'><strong>minus</strong></span> <span class='ocrx_word' id='word_1_220' title='bbox 217 2241 334 2277; x_wconf 87' lang='lat' dir='ltr'><strong>recte</strong></span> <span class='ocrx_word' id='word_1_221' title='bbox 362 2239 455 2277; x_wconf 82' lang='lat' dir='ltr'><strong>fieri</strong></span> <span class='ocrx_word' id='word_1_222' title='bbox 484 2243 650 2291; x_wconf 89' lang='lat' dir='ltr'><strong>putem,</strong></span> <span class='ocrx_word' id='word_1_223' title='bbox 689 2241 887 2294; x_wconf 85' lang='lat' dir='ltr'><strong>prohibet</strong></span> <span class='ocrx_word' id='word_1_224' title='bbox 925 2241 1167 2295; x_wconf 71' lang='lat' dir='ltr'><strong>gravissima</strong></span> <span class='ocrx_word' id='word_1_225' title='bbox 1197 2240 1433 2281; x_wconf 84' lang='lat' dir='ltr'><strong>Aristotelis</strong></span> <span class='ocrx_word' id='word_1_226' title='bbox 1462 2255 1535 2282; x_wconf 88' lang='lat' dir='ltr'><strong>au-</strong></span> 
     </span>
     <span class='ocr_line' id='line_1_28' title="bbox 58 2316 1536 2370; baseline 0.004 -15"><span class='ocrx_word' id='word_1_227' title='bbox 58 2316 240 2365; x_wconf 67' lang='lat' dir='ltr'><strong>etex-itas,</strong></span> <span class='ocrx_word' id='word_1_228' title='bbox 271 2317 341 2369; x_wconf 88' lang='lat' dir='ltr'><strong>qui</strong></span> <span class='ocrx_word' id='word_1_229' title='bbox 370 2329 464 2357; x_wconf 87' lang='lat' dir='ltr'><strong>cum</strong></span> <span class='ocrx_word' id='word_1_230' title='bbox 493 2319 584 2370; x_wconf 85' lang='lat' dir='ltr'><strong>ipse</strong></span> <span class='ocrx_word' id='word_1_231' title='bbox 615 2319 930 2360; x_wconf 80' lang='lat' dir='ltr'><strong>didascaliarum</strong></span> <span class='ocrx_word' id='word_1_232' title='bbox 957 2321 1110 2360; x_wconf 87' lang='lat' dir='ltr'><strong>librum</strong></span> <span class='ocrx_word' id='word_1_233' title='bbox 1142 2320 1395 2369; x_wconf 86' lang='lat' dir='ltr'><strong>condiderit,</strong></span> <span class='ocrx_word' id='word_1_234' title='bbox 1425 2322 1536 2361; x_wconf 82' lang='lat' dir='ltr'><strong>eius-</strong></span> 
     </span>
     <span class='ocr_line' id='line_1_29' title="bbox 56 2394 1536 2453; baseline 0.004 -19"><span class='ocrx_word' id='word_1_235' title='bbox 56 2394 170 2435; x_wconf 88' lang='lat' dir='ltr'><strong>modi</strong></span> <span class='ocrx_word' id='word_1_236' title='bbox 198 2395 241 2435; x_wconf 89' lang='lat' dir='ltr'><strong>in</strong></span> <span class='ocrx_word' id='word_1_237' title='bbox 269 2396 395 2436; x_wconf 80' lang='lat' dir='ltr'><strong>rebus</strong></span> <span class='ocrx_word' id='word_1_238' title='bbox 423 2396 513 2436; x_wconf 85' lang='lat' dir='ltr'><strong>falli</strong></span> <span class='ocrx_word' id='word_1_239' title='bbox 540 2398 607 2437; x_wconf 76' lang='lat' dir='ltr'><strong>vix</strong></span> <span class='ocrx_word' id='word_1_240' title='bbox 634 2399 783 2449; x_wconf 83' lang='lat' dir='ltr'><strong>potuit.</strong></span> <span class='ocrx_word' id='word_1_241' title='bbox 823 2415 825 2417; x_wconf 49' lang='lat'><strong><em>¹</em></strong></span> <span class='ocrx_word' id='word_1_242' title='bbox 852 2399 892 2439; x_wconf 90' lang='lat' dir='ltr'><strong>Is</strong></span> <span class='ocrx_word' id='word_1_243' title='bbox 928 2400 1055 2453; x_wconf 81' lang='lat' dir='ltr'><strong>igitur</strong></span> <span class='ocrx_word' id='word_1_244' title='bbox 1085 2400 1330 2440; x_wconf 87' lang='lat' dir='ltr'><strong>Chionidem</strong></span> <span class='ocrx_word' id='word_1_245' title='bbox 1370 2403 1412 2439; x_wconf 88' lang='lat' dir='ltr'><strong>et</strong></span> <span class='ocrx_word' id='word_1_246' title='bbox 1442 2401 1536 2440; x_wconf 86' lang='lat' dir='ltr'><strong>Ma-</strong></span> 
     </span>
     <span class='ocr_line' id='line_1_30' title="bbox 57 2474 1535 2528; baseline 0.005 -15"><span class='ocrx_word' id='word_1_247' title='bbox 57 2477 224 2527; x_wconf 81' lang='lat' dir='ltr'><strong>gnetem</strong></span> <span class='ocrx_word' id='word_1_248' title='bbox 254 2474 504 2527; x_wconf 84' lang='lat' dir='ltr'><strong>Epicharmo</strong></span> <span class='ocrx_word' id='word_1_249' title='bbox 543 2476 752 2528; x_wconf 87' lang='lat' dir='ltr'><strong>aliquanto</strong></span> <span class='ocrx_word' id='word_1_250' title='bbox 783 2482 918 2518; x_wconf 86' lang='lat' dir='ltr'><strong>aetate</strong></span> <span class='ocrx_word' id='word_1_251' title='bbox 947 2480 1127 2520; x_wconf 84' lang='lat' dir='ltr'><strong>minores</strong></span> <span class='ocrx_word' id='word_1_252' title='bbox 1165 2479 1298 2520; x_wconf 85' lang='lat' dir='ltr'><strong>fuisse</strong></span> <span class='ocrx_word' id='word_1_253' title='bbox 1336 2483 1535 2520; x_wconf 82' lang='lat' dir='ltr'><strong>testatur:</strong></span> 
     </span>
     <span class='ocr_line' id='line_1_31' title="bbox 55 2546 1536 2610; baseline 0.003 -18"><span class='ocrx_word' id='word_1_254' title='bbox 55 2546 328 2606; x_wconf 81' lang='grc' dir='ltr'><strong><em>Ἐπίχαρμος</em></strong></span> <span class='ocrx_word' id='word_1_255' title='bbox 365 2551 513 2610; x_wconf 78' lang='grc' dir='ltr'><strong><em>πολλῷ</em></strong></span> <span class='ocrx_word' id='word_1_256' title='bbox 550 2550 760 2610; x_wconf 77' lang='grc' dir='ltr'><strong><em>πρότερος</em></strong></span> <span class='ocrx_word' id='word_1_257' title='bbox 805 2550 868 2596; x_wconf 62' lang='lat' dir='ltr'><strong>div</strong></span> <span class='ocrx_word' id='word_1_258' title='bbox 906 2551 1135 2598; x_wconf 62' lang='grc' dir='ltr'><strong><em>Χιωώίδου</em></strong></span> <span class='ocrx_word' id='word_1_259' title='bbox 1177 2558 1252 2598; x_wconf 86' lang='grc' dir='ltr'><strong>καὶ</strong></span> <span class='ocrx_word' id='word_1_260' title='bbox 1291 2554 1536 2610; x_wconf 56' lang='grc' dir='ltr'><strong>ΧΡΙάγνητος</strong></span> 
     </span>
     <span class='ocr_line' id='line_1_32' title="bbox 60 2632 1535 2694; baseline 0.003 -20"><span class='ocrx_word' id='word_1_261' title='bbox 60 2632 151 2674; x_wconf 79' lang='lat' dir='ltr'><strong>Art.</strong></span> <span class='ocrx_word' id='word_1_262' title='bbox 188 2632 307 2674; x_wconf 82' lang='lat' dir='ltr'><strong>Poet.</strong></span> <span class='ocrx_word' id='word_1_263' title='bbox 347 2633 422 2684; x_wconf 88' lang='lat'><strong>111,</strong></span> <span class='ocrx_word' id='word_1_264' title='bbox 450 2633 491 2675; x_wconf 85' lang='lat'><strong>5.</strong></span> <span class='ocrx_word' id='word_1_265' title='bbox 560 2635 646 2675; x_wconf 86' lang='lat' dir='ltr'><strong>Iam</strong></span> <span class='ocrx_word' id='word_1_266' title='bbox 686 2649 811 2689; x_wconf 88' lang='lat' dir='ltr'><strong>quum</strong></span> <span class='ocrx_word' id='word_1_267' title='bbox 847 2637 1123 2692; x_wconf 78' lang='lat' dir='ltr'><strong>Epicharmus</strong></span> <span class='ocrx_word' id='word_1_268' title='bbox 1162 2640 1326 2694; x_wconf 78' lang='lat' dir='ltr'><strong>Olymp.</strong></span> <span class='ocrx_word' id='word_1_269' title='bbox 1356 2638 1535 2680; x_wconf 84' lang='lat' dir='ltr'>LXXIII</span> 
     </span>
    </p>
   </div>
  </div>
 </body>
</html>
