1702 3190
229 178 312 217 118
873 183 1061 214 aui-oms.

228 287 325 333 202,
374 282 625 324 Scholiastae
662 281 844 322 Platonis
878 295 919 334 p.
956 283 1054 331 332,
1100 280 1383 334 Aristophanis
1430 279 1538 322 Nub.
1577 280 1669 331 110,

228 361 479 412 Thesmoph.
507 373 549 413 p.
578 360 674 400 941.
743 361 899 412 Quibus
936 359 1040 400 adde
1070 359 1269 399 Galerium
1297 359 1375 399 vol.
1405 358 1443 400 V
1470 371 1512 410 p.
1540 358 1594 397 38
1622 359 1670 399 Β.

231 433 507 489 παράδειγμα
538 430 639 475 δἐἰ
662 431 809 488 βούλει
840 431 995 475 τούτου
1030 437 1144 488 (agit
1171 436 1222 475 de
1250 437 1435 488 repetitis
1465 439 1506 475 et
1534 447 1671 475 emen-
1698 485 1699 489 Ἰ

227 515 332 555 datis
369 516 567 554 librorum
608 514 884 564 editionibus)
929 509 1171 567 σαφηνείας
1207 510 1325 551 ἕνεκα
1362 508 1440 551 τὸν
1475 508 1697 566 δεύτερον·

230 586 484 630 Αὐτόλυκον
513 585 757 637 Εὐπόλιδος
793 586 899 642 ἔχεις
936 588 981 630 ἐκ
1016 588 1096 630 τοῦ
1133 589 1342 644 προτέρου
1370 586 1674 642 διεσκευασμέ-

230 680 319 709 νον.
354 671 424 719 ⁶³)
482 669 623 710 Altera
647 668 839 707 dramatis
859 668 964 707 actio
991 668 1056 708 cui
1078 681 1183 708 anno
1206 667 1445 719 assignanda
1467 667 1531 716 sit,
1561 671 1673 708 certo
1695 716 1698 717 ⁷

235 746 396 786 definiri
442 758 522 785 non
566 748 728 797 potest;
768 745 909 784 licebit
950 749 1087 786 tamen
1129 745 1403 785 coniecturam
1439 745 1675 796 periclitari.

228 823 332 863 Nam
371 834 463 861 cum
502 821 544 861 in
582 833 703 860 versu
739 821 827 862 eius
863 822 1027 862 fabulae
1062 823 1104 863 in
1133 821 1309 862 Scholiis
1338 821 1581 862 Victorianis
1623 821 1699 875 ad,

231 898 348 938 Iliad.
385 893 421 936 ν’
465 898 549 938 353
592 898 816 939 Aristarchi
855 899 1007 939 mentio
1041 899 1258 947 iniiciatur,
1305 891 1390 945 ἤδη
1427 893 1510 951 γὰρ
1549 881 1699 958 Ἀρί-Ξ

229 985 419 1029 σταρχον
448 970 756 1028 στρατηγοῦντ’
787 971 1010 1028 ἄχθομαι,
1047 975 1306 1016 Aristarchus
1336 977 1471 1014 autem
1498 972 1697 1029 impera-L

225 1052 328 1092 toris
359 1065 528 1091 munere
558 1052 723 1092 functus
752 1054 806 1092 sit
835 1054 998 1105 Olymp.
1020 1052 1134 1091 XCII
1166 1053 1205 1101 1,
1235 1050 1466 1103 Thucydid.
1495 1051 1595 1092 V111
1621 1051 1697 1108 983:

230 1132 275 1168 et
310 1129 501 1180 Xenoph.
535 1129 647 1168 nell.
689 1128 727 1168 11
765 1130 792 1167 3
829 1130 899 1179 40,
936 1128 1148 1181 probabile
1186 1131 1249 1167 est
1282 1128 1392 1167 hunc
1425 1138 1589 1167 versum
1627 1140 1696 1169 ex:

230 1204 361 1245 altera
390 1206 617 1257 Autolyco,
655 1216 759 1255 quae
789 1206 934 1246 eodem
962 1218 1067 1245 anno
1096 1206 1138 1245 in
1167 1217 1328 1244 scenam
1358 1205 1575 1256 prodierit,
1604 1218 1678 1257 pe-

228 1282 349 1322 titum
379 1295 483 1322 esse.
549 1283 611 1321 Ex
641 1282 788 1321 ceteris
816 1282 979 1322 fabulae
1007 1280 1246 1334 fragmentis
1288 1281 1389 1320 nihil
1419 1281 1470 1320 ad
1498 1281 1584 1321 eius
1611 1294 1677 1321 ar-

226 1349 467 1411 gumentum
510 1359 670 1408 elicias,
714 1359 794 1399 nisi
838 1359 948 1411 quod
979 1358 1205 1411 Leagoram
1241 1357 1461 1398 Andocidis
1504 1361 1678 1411 patrem,

227 1436 468 1488 Myrrhinae
496 1436 724 1476 meretricis
754 1440 976 1476 amatorem
1015 1434 1421 1487 impotentissimum,
1456 1436 1499 1475 in
1529 1449 1577 1475 ea
1605 1448 1678 1475 ve-

227 1517 366 1552 xatum
404 1525 496 1552 esse
533 1525 583 1553 ex
628 1512 858 1552 Scholiasta
897 1511 1107 1564 Aristoph.
1145 1512 1255 1552 Nub.
1301 1512 1382 1549 110
1420 1512 1699 1564 intelligitur..⁴

230 1590 363 1640 Quem
403 1589 700 1630 Grammaticus
744 1589 852 1641 apud
890 1589 1130 1629 Cramerum
1166 1588 1322 1629 Anecd.
1359 1589 1378 1627 1
1423 1601 1465 1640 p.
1501 1589 1585 1629 446
1622 1588 1702 1629 17.

232 1666 409 1706 servavit
437 1679 626 1716 versum,
662 1654 750 1719 ἆρα
782 1660 942 1718 σφόδρ’
974 1658 1031 1703 ἂν
1057 1659 1263 1718 ἐούρησεν
1291 1664 1378 1713 (vel
1406 1661 1702 1717 e’veozipnoev)n‚

230 1738 388 1792 ἐξώλης
416 1740 571 1797 γέρων,
606 1742 784 1783 fortasse
822 1743 874 1782 de
902 1743 1092 1795 Lycone,
1126 1743 1318 1795 Autolyci
1353 1746 1492 1795 patre,
1526 1742 1702 1794 intelli-4

227 1821 386 1872 gendus
417 1823 493 1860 est.
550 1820 791 1861 Erotianum
820 1819 954 1861 Gloss.
984 1820 1183 1873 Hippocr.
1211 1833 1253 1872 p.
1277 1821 1334 1859 88
1362 1819 1583 1859 memoriae
1612 1808 1698 1858 er?

230 1909 326 1936 rore
355 1897 536 1937 fabulam
565 1901 745 1938 nostram
773 1897 966 1936 tribuisse
995 1897 1257 1950 Aristophani
1284 1897 1365 1936 iam
1393 1897 1442 1936 ab
1472 1896 1560 1936 aliis
1589 1909 1679 1946 mos

229 1975 359 2013 nitum
398 1977 474 2015 est.
509 1977 580 2026 ⁶⁴)
649 1975 844 2014 Getarum
874 1975 1121 2027 Autolycum
1156 1974 1334 2026 Eupolin
1370 1985 1452 2013 non
1487 1986 1561 2012 suo
1603 1971 1694 2014 sedi

225 2050 475 2090 Demostrati
506 2052 671 2091 nomine
699 2052 742 2091 in
770 2053 976 2090 certamen
1006 2052 1255 2091 commisisse
1284 2054 1441 2090 constat
1469 2063 1519 2090 ex
1547 2050 1676 2092 Athe-

227 2139 331 2167 naeo
360 2128 397 2168 V
425 2141 466 2180 p.
495 2128 578 2167 216
596 2127 637 2168 d.
665 2139 747 2180 quo
777 2127 829 2166 de
857 2127 950 2168 loco
978 2140 1102 2181 supra
1131 2128 1302 2168 diximus
1329 2139 1372 2180 p.
1402 2127 1498 2167 110.

287 2289 358 2340 ⁶³)
398 2290 558 2329 Eodem
595 2288 773 2331 fortasse
808 2294 995 2343 spectant
1034 2290 1138 2330 haec
1173 2291 1318 2331 incerti
1349 2289 1523 2330 auctoris
1551 2288 1681 2331 verbm

342 2345 450 2409 apud
481 2346 646 2385 Suidam
684 2346 764 2385 vol.
795 2346 813 2385 1
854 2359 895 2398 p.
923 2347 1006 2385 567
1044 2341 1233 2392 Εὔπολις
1270 2344 1433 2400 ἔγραψε
1460 2341 1573 2383 τόσα
1599 2341 1675 2382 καὶ

342 2395 454 2438 ἄλλα
485 2397 880 2451 διασκευαζόαενος.
911 2402 999 2440 Nisi
1026 2402 1129 2441 haec
1158 2403 1293 2454 potius
1323 2415 1372 2441 eo
1401 2414 1523 2441 sensu
1552 2410 1679 2449 quem

342 2467 465 2506 supra
503 2469 544 2507 p.
574 2456 628 2495 32
667 2457 840 2496 indicavi
873 2458 1107 2508 accipienda
1137 2463 1250 2505 sunt,
1279 2462 1325 2497 ut
1354 2456 1524 2507 Eupolis
1553 2466 1681 2505 prae-

342 2514 407 2548 ter
437 2523 506 2549 eas
536 2524 634 2561 quas
670 2512 760 2563 ipse
789 2512 951 2574 scripsit
983 2512 1143 2552 fabulas
1173 2513 1294 2551 etiam
1331 2512 1503 2549 aliorum
1530 2514 1682 2561 poetae

339 2577 430 2603 rum
461 2567 692 2606 comoedias
723 2562 1115 2606 διασκευάσασθαι
1144 2568 1312 2605 dicatur.

288 2621 358 2669 ⁶⁴)
395 2620 526 2658 Simili
564 2635 705 2661 errore
735 2625 881 2662 Cicero
917 2625 1033 2661 Brut.
1062 2623 1088 2661 9
1130 2623 1307 2673 Eupolin
1347 2619 1567 2659 nominavit
1594 2623 1679 2670 Ρῐοι

342 2675 629 2726 Aristophane,
658 2676 711 2716 de
739 2690 819 2729 quo
848 2678 937 2729 ipse
958 2676 1168 2717 admonuit
1182 2677 1311 2728 Epist.
1327 2676 1378 2715 ad
1397 2675 1518 2716 Attio.
1532 2674 1610 2714 ΧΠ
1629 2673 1678 2722 0⁸⁵
1698 2685 1702 2688 ⁴

1677 2726 1685 2847 ,ἱ

1677 2851 1681 2889 ξ
