1702 3190
1684 68 1702 94 ἢ

240 201 321 241 274
598 208 650 234 ne
680 205 838 233 >innui-2
867 203 1099 232 conor-:mm
1128 206 1291 235 ixnom.

241 310 360 350 video
389 321 411 346 a
441 305 765 357 Kannegiessero
805 305 845 342 in
878 305 980 344 libro
1011 319 1129 357 quem
1160 305 1375 345 vernaculo
1407 316 1596 344 sermone
1622 304 1674 345 de

240 385 551 426 Atheniensium
581 383 791 422 comoedia
839 383 977 432 edidit,
1013 384 1125 421 velut
1162 397 1202 435 p.
1231 383 1313 422 215
1349 395 1451 434 quae
1490 386 1542 420 de
1571 383 1681 421 Anas

239 462 434 502 xandride
462 461 622 513 scripsit
643 463 811 513 propter
838 473 958 499 unam
989 463 1172 500 voculam
1201 461 1240 499 in
1270 460 1446 511 quodam
1470 458 1678 511 Euripidis

239 551 359 578 versu
389 542 580 577 mutatam
611 539 752 590 capitis
782 538 989 587 damnato,
1020 539 1085 577 vel
1115 552 1155 589 p.
1187 538 1267 576 129
1298 537 1349 575 de
1379 537 1579 588 Misgolae
1606 548 1680 575 no-

238 617 348 656 mine
376 616 417 655 in
445 616 665 667 Smigolam
696 620 872 664 mutato,
911 616 1067 655 scilicet
1104 629 1156 654 ne
1185 614 1323 653 Alexis
1353 607 1567 664 ὀνομαστὶ
1594 625 1680 651 κω-

238 690 399 747 μῳδεῖν
438 694 657 732 videretur.
724 693 806 733 Sed
842 694 876 733 is
917 693 1077 744 quidem
1105 706 1186 732 non
1217 692 1356 731 dubito
1386 692 1481 742 quin
1513 690 1564 729 dc
1594 699 1702 730 me-'⁴

239 771 332 810 diae
366 771 603 810 comoediae
639 771 773 821 poetis
810 771 1013 822 aliquanto
1054 770 1388 810 honorificentius
1429 769 1679 807 iudicaturus

238 847 408 895 fuisset,
445 848 480 885 si
515 847 604 898 ipsa
634 860 774 886 eorum
803 848 1031 900 fragmenta
1062 848 1197 899 paullo
1228 846 1454 886 accuratius
1482 845 1679 897 inspexis-

237 928 314 972 set,
342 924 384 962 in
415 925 558 975 quibus
589 925 622 963 si
650 925 715 963 vel
746 927 917 964 maxime
947 925 1186 964 virulentam
1217 926 1472 976 antiquorum
1503 923 1679 960 comico-

237 1013 329 1040 rum
358 1002 680 1041 maledicentiam
712 1003 1009 1050 desideramus,
1047 1002 1251 1041 luculenta
1288 1006 1423 1040 tamen
1454 1000 1590 1038 insunt
1617 999 1682 1037 in-

238 1079 362 1129 genui
392 1079 557 1130 spiritus
590 1080 759 1127 indicia,
801 1092 1040 1131 quamquam
1078 1080 1168 1118 sere
1206 1080 1466 1118 humanitatis
1505 1077 1702 1128 quodam.

236 1160 560 1206 temperamento
592 1157 785 1196 emollita.
844 1158 973 1207 Quam
1002 1157 1042 1195 in
1072 1169 1159 1195 rem
1189 1157 1355 1196 laudare
1374 1155 1551 1195 sufficiat
1576 1165 1680 1205 quae

232 1233 424 1272 ‘Eubulus
464 1234 571 1285 apud
609 1234 863 1274 Athenaeum
895 1234 913 1272 Ι
940 1247 966 1286 p
1011 1235 1038 1273 8
1059 1235 1084 1274 b
1113 1238 1154 1273 et
1182 1234 1220 1274 X
1248 1247 1288 1286 p.
1318 1235 1399 1273 449
1417 1245 1440 1271 e
1479 1231 1531 1271 de
1559 1230 1702 1273 Calli-¹

237 1315 363 1350 strato
393 1315 435 1350 et
464 1312 714 1359 Philocrate,
759 1311 1018 1350 Philetaerus
1058 1317 1099 1350 et
1130 1312 1336 1351 Timocles
1367 1310 1465 1352 V111
1495 1322 1534 1361 p.
1564 1310 1646 1348 342
1658 1307 1686 1348 a'

237 1387 290 1426 de
319 1388 550 1439 Hyperide,
589 1394 630 1428 et
666 1389 774 1427 idem
813 1389 1019 1427 Timocles
1058 1389 1114 1430 lV
1153 1401 1194 1439 p.
1225 1388 1304 1427 165
1320 1387 1350 1427 f.
1393 1387 1448 1428 Vl
1478 1400 1518 1438 p.
1549 1387 1686 1426 224³:

236 1465 336 1505 V111
366 1478 406 1516 p.
437 1467 516 1504 341
541 1479 577 1506 e.
608 1467 630 1505 f
655 1467 706 1504 de
723 1466 930 1516 Ctesi1)pO‚
961 1465 1012 1503 de
1028 1466 1316 1514 Demosthene,
1347 1466 1398 1505 de
1429 1465 1679 1504 Callisthene

237 1542 407 1594 aliisque
437 1544 531 1583 viris
562 1544 812 1596 principibus
850 1542 1057 1581 liberrime
1095 1544 1360 1583 tradiderunt.
1428 1542 1535 1593 Quid
1572 1542 1682 1593 quod

237 1633 290 1659 ne
319 1621 454 1671 legem
493 1622 655 1672 quidem
693 1621 826 1669 illam,
867 1632 945 1671 qua
981 1633 1033 1659 ne
1074 1622 1175 1660 certi
1203 1621 1364 1672 quidam
1394 1620 1578 1660 homines
1606 1624 1686 1671 per'

237 1702 342 1737 totas
371 1698 528 1737 fabulas
557 1700 845 1738 vellicarentur
883 1699 1094 1749 superiore
1133 1704 1265 1739 aetate
1304 1699 1476 1739 subinde
1503 1698 1688 1749 prohibi-³

236 1779 323 1814 tum
354 1780 428 1824 est,
458 1777 538 1815 illis
568 1778 818 1828 temporibus
849 1776 1024 1815 valuisse
1047 1777 1241 1828 suspicari
1271 1778 1380 1818 licet.
1440 1777 1564 1817 Cuius
1593 1777 1700 1828 opi-s·

236 1853 369 1892 nionis
405 1853 619 1903 idoneum,
663 1858 708 1893 ut
747 1854 844 1892 mihi
885 1854 1048 1904 quidem
1085 1855 1266 1902 videtur,
1314 1857 1594 1906 argumentum
1630 1855 1698 1915 alr¹

235 1930 335 1981 ipsis
363 1929 591 1970 fabularum
620 1931 820 1970 indicibus
850 1933 935 1984 peti
964 1945 1085 1984 posse
1114 1933 1370 1970 crediderim.
1436 1932 1495 1970 Ita
1533 1934 1579 1970 ut
1607 1926 1698 1988 Ῑ)ο-”’ζἐ

237 2007 343 2046 tiore
381 2021 721 2057 commemorem,
757 2009 952 2048 habemus
992 2010 1172 2049 Alexidis
1202 2008 1504 2061 Amphieratem
1533 1990 1697 2071 Deme-:222

237 2086 362 2124 trium
405 2086 628 2137 Dropidem
677 2088 893 2126 Crateuam
946 2088 1159 2138 Lyciscam
1206 2088 1416 2126 Midonem
1459 2075 1697 2139 Milconemt'

238 2162 535 2202 Protochorum
568 2164 813 2213 Phaedrum,
843 2166 1055 2216 Amphidis
1086 2164 1403 2210 Dexidemidem,
1435 2152 1695 2206 Anaxandri-'ss

240 2239 302 2278 dis
332 2241 563 2292 Sossppum,
595 2243 775 2282 eiusdem
808 2247 848 2281 ct
877 2245 1067 2282 Anaxilae
1098 2245 1299 2290 Nereum,
1327 2240 1568 2291 Antiphanis
1597 2207 1694 2301 Euall

241 2317 451 2368 thydicum
493 2320 750 2359 Heniochum
796 2321 1072 2372 Cleophanem
1117 2320 1365 2371 Lamponem
1406 2298 1694 2369 Leptiniscunss

242 2395 464 2435 Leonidam
490 2397 695 2448 Lyconem
717 2399 944 2446 Timonem,
972 2398 1274 2449 Aristophontis
1305 2394 1556 2436 Callonidem
1586 2387 1692 2453 Phi-e}

242 2472 419 2513 lonidem
451 2480 492 2513 et
523 2476 753 2523 Platonem,
794 2475 947 2515 Cratini
977 2476 1141 2514 minoris
1172 2475 1492 2521 Theramenem,
1531 2455 1702 2518 Eubulssi

243 2550 476 2602 Dionysium
524 2559 565 2591 et
609 2553 879 2605 Pamphilum,
924 2553 1129 2592 Heniochi
1171 2551 1474 2602 Thorycionem
1521 2552 1562 2588 et
1602 2547 1702 2587 Ροῦ·

241 2627 470 2677 lyeuctum,
511 2630 779 2669 Mnesimachi
819 2631 1072 2682 Philippum,
1107 2629 1265 2681 Sophili
1300 2627 1571 2674 Androclem,
1607 2624 1702 2664 Ni-2

242 2705 406 2742 nostrati
437 2711 478 2744 et
507 2706 730 2745 Philetaeri
760 2708 982 2758 Antyllum.
1019 2706 1174 2758 Quibus
1202 2707 1242 2747 in
1272 2706 1419 2746 fabulis
1449 2704 1543 2756 quin
1570 2701 1701 2754 ipson!
