1702 3190
1484 0 1488 3 ⁴
1506 4 1511 13 ι
1529 0 1597 21 ,τ’-’ὼ

1665 75 1702 98 ¹w.

206 191 300 242 ¹290
580 208 632 236 aa
663 207 817 238 manua·
847 208 1078 237 comnenus
1109 206 1274 236 mmm.

215 314 276 354 xit
316 309 386 350 illo
430 295 521 349 loco
565 311 777 363 Epicrates
816 308 1153 349 Academicorum
1196 309 1356 346 coetum
1396 304 1439 346 In
1479 295 1658 347 cautem-⁴

217 390 365 443 planda
393 391 434 427 et
462 388 703 440 inquirenda
730 387 969 438 colocyntae
999 389 1140 424 natura
1167 383 1461 423 studiosissime
1487 394 1660 437 occupa-

217 473 329 516 tum,
367 466 455 506 aliis
488 467 575 505 olus
607 466 694 505 aliis
724 466 910 504 arborem
941 463 1028 502 aliis
1057 462 1232 513 denique
1262 474 1311 500 ex
1339 461 1557 500 herbarum
1587 467 1658 512 gea

217 555 318 586 nere
348 543 595 583 cucurbitam
627 556 717 582 esse
747 541 1084 582 asseverantibus.
1151 541 1333 591 Quorum
1369 551 1497 590 nugas
1534 548 1659 590 quum

216 622 380 663 Siculus
409 617 590 661 medicus
619 619 796 660 infacete
824 620 994 666 risisset,

685 692 709 736 ὁ
739 691 930 735 Πλάτων
957 693 1030 735 καὶ
1057 687 1177 747 μάλα
1206 686 1354 748 πρᾴως

494 769 622 813 οὐδὲν
650 769 846 828 ὀρινθῖὶς
874 767 1043 823 ἔπέταζ
1076 768 1222 818 αὐτοῖς

492 847 625 891 πάλιν
648 849 693 901 ἐξ
721 847 852 906 ἀρχῆς
879 848 960 898 τὴν
987 844 1246 897 κολοκύντην

398 924 418 938 ⁸
492 924 788 983 ἀφορίζεσθαι
815 923 926 975 τίνες
955 925 1046 966 ἐστὶ
1076 924 1247 978 γένους·

497 997 541 1045 οἱ
571 1005 614 1044 δὲ
646 1002 836 1063 διῄρουν.

218 1083 346 1125 Vides
378 1097 401 1123 a
431 1091 579 1134 quanta
613 1084 767 1125 ferocia
796 1088 839 1124 et
857 1084 962 1123 male
993 1080 1154 1120 dicendi
1182 1076 1425 1130 intemperie
1452 1075 1662 1116 comoedia

217 1161 269 1200 ad
298 1165 485 1211 quantam
515 1162 809 1201 humanitatem
839 1164 880 1200 et
909 1157 1263 1215 mansuetudinem
1293 1154 1521 1194 defluxerit.
1579 1153 1662 1192 Ne-

218 1250 298 1290 que
327 1239 458 1277 minus
491 1239 875 1290 Pythagoricorum,
914 1237 982 1289 qui
1009 1236 1090 1274 iam
1119 1235 1272 1274 dudum
1302 1245 1325 1271 a
1354 1231 1534 1283 magistri
1564 1229 1664 1269 divi-

217 1316 342 1355 nitate
371 1316 710 1367 degenerassent,
745 1315 1022 1354 immundities
1060 1317 1103 1352 et
1139 1315 1356 1364 paupertas
1398 1308 1663 1360 multiplicem

215 1393 376 1432 ridendi
404 1392 652 1445 jocandique
690 1376 900 1432 materiem
940 1391 1236 1443 praebuerunt,
1283 1401 1361 1439 qua
1400 1387 1441 1426 in
1476 1398 1523 1425 re
1559 1397 1663 1436 quae

215 1470 403 1509 luserunt
433 1473 580 1520 poetae
603 1469 746 1508 melius
771 1471 960 1522 legentur
988 1469 1029 1507 in
1059 1466 1314 1518 fragmentis.
1373 1466 1592 1505 Praeterea
1620 1461 1679 1502 in‘

217 1560 379 1587 scenam
408 1547 574 1599 prodire
602 1546 810 1586 iusserunt
841 1545 1038 1598 agricolas
1069 1544 1267 1595 stupidos,
1297 1543 1454 1583 vetulas
1481 1541 1659 1588 bibaces,

216 1625 403 1664 tibicines
432 1623 605 1676 ineptos,
636 1625 857 1675 piscatores
889 1628 930 1663 et
959 1635 1112 1674 coquos
1141 1621 1316 1673 insipide
1332 1619 1547 1673 gloriosos,
1577 1616 1662 1656 ale-

217 1705 366 1750 atores,
397 1706 597 1741 amatores
626 1701 822 1751 fervidos,
852 1703 1021 1742 lenones
1039 1700 1241 1752 periuros,
1271 1699 1455 1738 servulos
1481 1695 1662 1743 callidos,

215 1783 382 1831 patruos
422 1779 704 1830 obiurgantes,
752 1780 948 1831 parasitos
989 1755 1153 1825 edaces,
1197 1777 1346 1815 milites
1384 1774 1661 1827 praeliatores,

215 1856 397 1896 medicos
427 1857 609 1907 aliosque
638 1856 678 1895 id
709 1869 836 1908 genus
860 1857 1060 1904 homines,
1092 1855 1237 1906 quibus
1266 1852 1502 1893 succedenti
1524 1850 1660 1899 aetati,

215 1946 319 1984 quae
348 1938 433 1973 tota
461 1934 551 1973 fere
579 1934 620 1973 in
647 1928 783 1982 ἤθεσι
812 1933 1089 1973 describendis
1118 1935 1274 1982 regnat,
1303 1932 1360 1970 ita
1388 1929 1662 1981 proluserunt,

215 2012 279 2049 vix
307 2015 354 2049 ut
383 2015 665 2063 argumentum
694 2025 717 2050 a
747 2024 874 2051 novae
905 2010 1137 2050 comoediae
1168 2008 1298 2060 poetis
1329 2010 1541 2047 tractatum
1571 2006 1662 2045 fue·

213 2087 281 2136 rit,
311 2088 424 2127 cuius
455 2102 536 2128 non
564 2089 694 2140 prima
721 2089 891 2128 stamina
919 2102 942 2127 a
972 2087 1129 2127 mediae
1160 2085 1396 2127 comoediae
1423 2084 1556 2136 poetis
1585 2076 1685 2139 ¹¹¹1&

215 2153 280 2204 cta
310 2167 402 2203 es'e
431 2165 657 2205 videantur.
1658 2150 1677 2189 't

327 2242 374 2282 In
413 2246 522 2282 tanta
560 2243 686 2296 igitur
722 2246 1077 2294 argumentorum,
1125 2239 1270 2292 quibus
1296 2237 1441 2278 'media
1481 2239 1523 2277 et
1558 2227 1668 2277 anti&

215 2322 294 2370 qua
332 2320 543 2359 comoedia
581 2319 699 2369 lusit,
738 2320 973 2358 diversitate
1005 2330 1090 2357 non
1129 2318 1275 2356 mirum
1313 2319 1394 2363 est,
1437 2315 1558 2354 etiam
1595 2318 1666 2357 exi

214 2398 374 2435 ternam
411 2396 643 2437 fabularum
679 2397 854 2436 formam
892 2400 934 2436 et
969 2396 1149 2448 speeiem
1191 2394 1329 2433 multis
1368 2392 1499 2432 modis
1536 2383 1664 2431 fuissd

214 2476 436 2532 mutatam,
488 2475 548 2514 Ae
586 2474 773 2514 dictionis
810 2487 987 2526 genere,
1023 2478 1069 2514 ut
1104 2473 1201 2513 inde
1238 2472 1397 2519 ordiar,
1435 2481 1533 2510 usos
1567 2461 1664 2509 esd
1700 2498 1702 2501 -

214 2548 374 2589 mediae
419 2552 561 2591 aetatis
602 2552 778 2591 comicos
816 2552 866 2592 ab
910 2552 1007 2600 illo,
1054 2550 1163 2603 quod
1211 2549 1457 2589 vetustiores
1500 2543 1663 2600 aequm.

214 2630 352 2675 erant,
406 2628 578 2667 multum
622 2629 805 2679 diverso,
857 2643 939 2670 non
983 2628 1090 2681 fugit
1140 2628 1399 2680 Anonymum
1446 2627 1500 2667 de
1541 2617 1661 2666 Gon-»²
1700 2626 1702 2648 ⁶

213 2715 255 2757 p.
277 2688 475 2756 XXVIII,
505 2704 573 2757 qui
602 2708 815 2758 postquam
846 2707 898 2749 de
925 2706 1088 2761 antiqua
1117 2705 1326 2747 comoedia
1355 2704 1571 2756 dis-eruit,
1590 2701 1663 2745 w
1698 2704 1702 2738 ῑ
