<?xml version="1.0" encoding="UTF-8"?>
<!DOCTYPE html PUBLIC "-//W3C//DTD XHTML 1.0 Transitional//EN"
    "http://www.w3.org/TR/xhtml1/DTD/xhtml1-transitional.dtd">
<html xmlns="http://www.w3.org/1999/xhtml" xml:lang="en" lang="en">
 <head>
  <title>
</title>
<meta http-equiv="Content-Type" content="text/html;charset=utf-8" />
  <meta name='ocr-system' content='tesseract 3.04.00' />
  <meta name='ocr-capabilities' content='ocr_page ocr_carea ocr_par ocr_line ocrx_word'/>
</head>
<body>
  <div class='ocr_page' id='page_1' title='image "./fragmentacomicor01meinuoft_0174.png"; bbox 0 0 1702 3190; ppageno 0'>
   <div class='ocr_carea' id='block_1_1' title="bbox 202 180 1065 224">
    <p class='ocr_par' dir='ltr' id='par_1_1' title="bbox 202 180 1065 224">
     <span class='ocr_line' id='line_1_1' title="bbox 202 180 1065 224; baseline -0.007 0"><span class='ocrx_word' id='word_1_1' title='bbox 202 180 283 224; x_wconf 73' lang='lat'><strong>152</strong></span> <span class='ocrx_word' id='word_1_2' title='bbox 792 187 1065 218; x_wconf 66' lang='lat' dir='ltr'><strong>mumoniae.</strong></span> 
     </span>
    </p>
   </div>
   <div class='ocr_carea' id='block_1_2' title="bbox 159 285 1702 2746">
    <p class='ocr_par' dir='ltr' id='par_1_2' title="bbox 200 285 1645 494">
     <span class='ocr_line' id='line_1_2' title="bbox 201 285 1645 340; baseline -0.002 -8"><span class='ocrx_word' id='word_1_3' title='bbox 201 295 266 332; x_wconf 82' lang='lat' dir='ltr'><strong>est</strong></span> <span class='ocrx_word' id='word_1_4' title='bbox 300 288 480 330; x_wconf 86' lang='lat' dir='ltr'><strong>omnium</strong></span> <span class='ocrx_word' id='word_1_5' title='bbox 513 288 635 328; x_wconf 80' lang='lat' dir='ltr'><strong>ratio.</strong></span> <span class='ocrx_word' id='word_1_6' title='bbox 702 286 974 339; x_wconf 69' lang='lat' dir='ltr'><strong>Inter-pretam</strong></span> <span class='ocrx_word' id='word_1_7' title='bbox 1013 285 1272 340; x_wconf 68' lang='lat' dir='ltr'><strong>Phrynichus</strong></span> <span class='ocrx_word' id='word_1_8' title='bbox 1306 289 1451 326; x_wconf 70' lang='lat' dir='ltr'><strong>nactus</strong></span> <span class='ocrx_word' id='word_1_9' title='bbox 1479 289 1542 327; x_wconf 85' lang='lat' dir='ltr'><strong>est</strong></span> <span class='ocrx_word' id='word_1_10' title='bbox 1569 287 1645 329; x_wconf 67' lang='lat' dir='ltr'><strong>mz-</strong></span> 
     </span>
     <span class='ocr_line' id='line_1_3' title="bbox 201 358 1643 420; baseline -0.002 -11"><span class='ocrx_word' id='word_1_11' title='bbox 201 369 368 420; x_wconf 73' lang='lat' dir='ltr'><strong>dymum</strong></span> <span class='ocrx_word' id='word_1_12' title='bbox 396 366 736 413; x_wconf 80' lang='lat' dir='ltr'><strong>Alexandrinum,</strong></span> <span class='ocrx_word' id='word_1_13' title='bbox 775 363 889 404; x_wconf 84' lang='lat' dir='ltr'><strong>culus</strong></span> <span class='ocrx_word' id='word_1_14' title='bbox 918 364 959 404; x_wconf 80' lang='lat' dir='ltr'><strong>in</strong></span> <span class='ocrx_word' id='word_1_15' title='bbox 989 358 1163 417; x_wconf 81' lang='grc' dir='ltr'><strong><em>Κρόνον</em></strong></span> <span class='ocrx_word' id='word_1_16' title='bbox 1189 363 1370 405; x_wconf 81' lang='lat' dir='ltr'><strong>fabulam</strong></span> <span class='ocrx_word' id='word_1_17' title='bbox 1397 368 1643 409; x_wconf 77' lang='lat' dir='ltr'><strong>commenta-</strong></span> 
     </span>
     <span class='ocr_line' id='line_1_4' title="bbox 200 440 1236 494; baseline -0.003 -9"><span class='ocrx_word' id='word_1_18' title='bbox 200 445 252 485; x_wconf 83' lang='lat' dir='ltr'><strong>rii</strong></span> <span class='ocrx_word' id='word_1_19' title='bbox 279 443 496 484; x_wconf 83' lang='lat' dir='ltr'><strong>laudantur</strong></span> <span class='ocrx_word' id='word_1_20' title='bbox 523 445 572 482; x_wconf 89' lang='lat' dir='ltr'><strong>ab</strong></span> <span class='ocrx_word' id='word_1_21' title='bbox 602 443 815 484; x_wconf 80' lang='lat' dir='ltr'><strong>Athenaeo</strong></span> <span class='ocrx_word' id='word_1_22' title='bbox 844 442 916 482; x_wconf 87' lang='lat' dir='ltr'><strong>lib.</strong></span> <span class='ocrx_word' id='word_1_23' title='bbox 947 440 1005 482; x_wconf 84' lang='lat' dir='ltr'><strong>lx</strong></span> <span class='ocrx_word' id='word_1_24' title='bbox 1033 455 1075 494; x_wconf 87' lang='lat' dir='ltr'><strong>p.</strong></span> <span class='ocrx_word' id='word_1_25' title='bbox 1105 442 1184 481; x_wconf 80' lang='lat'><strong>371</strong></span> <span class='ocrx_word' id='word_1_26' title='bbox 1204 441 1236 482; x_wconf 85' lang='lat' dir='ltr'><strong>f.</strong></span> 
     </span>
    </p>

    <p class='ocr_par' dir='ltr' id='par_1_3' title="bbox 159 517 1702 1994">
     <span class='ocr_line' id='line_1_5' title="bbox 311 517 1640 572; baseline -0.002 -10"><span class='ocrx_word' id='word_1_27' title='bbox 311 520 489 562; x_wconf 67' lang='lat' dir='ltr'><strong>Fabulae</strong></span> <span class='ocrx_word' id='word_1_28' title='bbox 511 521 649 560; x_wconf 87' lang='lat' dir='ltr'><strong>docuit</strong></span> <span class='ocrx_word' id='word_1_29' title='bbox 677 532 846 560; x_wconf 91' lang='lat' dir='ltr'><strong>numero</strong></span> <span class='ocrx_word' id='word_1_30' title='bbox 875 518 1042 568; x_wconf 87' lang='lat' dir='ltr'><strong>decem,</strong></span> <span class='ocrx_word' id='word_1_31' title='bbox 1079 523 1186 559; x_wconf 90' lang='lat' dir='ltr'><strong>teste</strong></span> <span class='ocrx_word' id='word_1_32' title='bbox 1215 520 1428 572; x_wconf 78' lang='lat' dir='ltr'><strong>Anonymo</strong></span> <span class='ocrx_word' id='word_1_33' title='bbox 1459 517 1512 558; x_wconf 89' lang='lat' dir='ltr'><strong>de</strong></span> <span class='ocrx_word' id='word_1_34' title='bbox 1539 531 1640 571; x_wconf 88' lang='lat' dir='ltr'><strong>poe-</strong></span> 
     </span>
     <span class='ocr_line' id='line_1_6' title="bbox 204 597 1643 650; baseline 0 -12"><span class='ocrx_word' id='word_1_35' title='bbox 204 598 257 639; x_wconf 86' lang='lat' dir='ltr'><strong>tis</strong></span> <span class='ocrx_word' id='word_1_36' title='bbox 286 611 391 639; x_wconf 90' lang='lat' dir='ltr'><strong>com.</strong></span> <span class='ocrx_word' id='word_1_37' title='bbox 427 611 469 650; x_wconf 91' lang='lat' dir='ltr'><strong>p.</strong></span> <span class='ocrx_word' id='word_1_38' title='bbox 498 598 672 640; x_wconf 87' lang='lat' dir='ltr'>XXXIV</span> <span class='ocrx_word' id='word_1_39' title='bbox 700 598 825 638; x_wconf 87' lang='lat' dir='ltr'><strong>Beck.</strong></span> <span class='ocrx_word' id='word_1_40' title='bbox 882 597 1027 649; x_wconf 83' lang='lat' dir='ltr'><strong>Neque</strong></span> <span class='ocrx_word' id='word_1_41' title='bbox 1055 597 1194 649; x_wconf 86' lang='lat' dir='ltr'><strong>plures</strong></span> <span class='ocrx_word' id='word_1_42' title='bbox 1233 599 1443 636; x_wconf 77' lang='lat' dir='ltr'><strong>enumerat</strong></span> <span class='ocrx_word' id='word_1_43' title='bbox 1479 597 1643 638; x_wconf 77' lang='lat' dir='ltr'><strong>Suidas=</strong></span> 
     </span>
     <span class='ocr_line' id='line_1_7' title="bbox 159 668 1644 733; baseline -0.003 -19"><span class='ocrx_word' id='word_1_44' title='bbox 159 729 162 733; x_wconf 89' lang='lat'><strong>.</strong></span> <span class='ocrx_word' id='word_1_45' title='bbox 204 670 408 730; x_wconf 84' lang='grc' dir='ltr'><em>δράματα</em></span> <span class='ocrx_word' id='word_1_46' title='bbox 441 672 486 713; x_wconf 82' lang='grc' dir='ltr'><strong>δὲ</strong></span> <span class='ocrx_word' id='word_1_47' title='bbox 515 669 651 714; x_wconf 80' lang='grc' dir='ltr'><strong><em>αὐτοῦ</em></strong></span> <span class='ocrx_word' id='word_1_48' title='bbox 678 672 771 714; x_wconf 80' lang='grc' dir='ltr'><strong><em>ἐστι</em></strong></span> <span class='ocrx_word' id='word_1_49' title='bbox 795 671 948 715; x_wconf 81' lang='grc' dir='ltr'><strong><em>ταῦτα.</em></strong></span> <span class='ocrx_word' id='word_1_50' title='bbox 1010 668 1273 726; x_wconf 80' lang='grc' dir='ltr'><em>Ἐφιάλτης,</em></span> <span class='ocrx_word' id='word_1_51' title='bbox 1303 668 1494 724; x_wconf 84' lang='grc' dir='ltr'><strong><em>Κόννος,</em></strong></span> <span class='ocrx_word' id='word_1_52' title='bbox 1525 669 1644 727; x_wconf 57' lang='lat' dir='ltr'><strong>Kod-</strong></span> 
     </span>
     <span class='ocr_line' id='line_1_8' title="bbox 202 745 1702 809; baseline -0.001 -16"><span class='ocrx_word' id='word_1_53' title='bbox 202 765 288 804; x_wconf 79' lang='grc' dir='ltr'><strong><em>νος,</em></strong></span> <span class='ocrx_word' id='word_1_54' title='bbox 317 748 588 806; x_wconf 79' lang='grc' dir='ltr'><strong><em>Κωμασταί,</em></strong></span> <span class='ocrx_word' id='word_1_55' title='bbox 617 747 830 804; x_wconf 78' lang='grc' dir='ltr'><strong><em>Σάτυροι,</em></strong></span> <span class='ocrx_word' id='word_1_56' title='bbox 866 748 1091 806; x_wconf 78' lang='grc' dir='ltr'><strong><em>Τραγῳδοὶ</em></strong></span> <span class='ocrx_word' id='word_1_57' title='bbox 1118 745 1146 801; x_wconf 80' lang='grc' dir='ltr'><strong><em>ἢ</em></strong></span> <span class='ocrx_word' id='word_1_58' title='bbox 1180 746 1511 806; x_wconf 74' lang='grc' dir='ltr'><strong><em>Ἀπελεύθεροι,</em></strong></span> <span class='ocrx_word' id='word_1_59' title='bbox 1542 749 1647 791; x_wconf 87' lang='grc' dir='ltr'><strong>Μο-</strong></span> <span class='ocrx_word' id='word_1_60' title='bbox 1695 800 1702 809; x_wconf 78' lang='lat'><strong>-.</strong></span> 
     </span>
     <span class='ocr_line' id='line_1_9' title="bbox 199 823 1648 885; baseline -0.001 -14"><span class='ocrx_word' id='word_1_61' title='bbox 199 824 431 885; x_wconf 79' lang='grc' dir='ltr'><strong><em>νότροπος,</em></strong></span> <span class='ocrx_word' id='word_1_62' title='bbox 463 827 667 880; x_wconf 67' lang='grc' dir='ltr'><strong><em>ΒΙοῦσαι,</em></strong></span> <span class='ocrx_word' id='word_1_63' title='bbox 698 823 1190 884; x_wconf 20' lang='grc' dir='ltr'><strong><em>ΖΡῙὺστης-,κΠοάστριαμ</em></strong></span> <span class='ocrx_word' id='word_1_64' title='bbox 1220 824 1424 883; x_wconf 75' lang='grc' dir='ltr'><strong><em>Σάτυροι.</em></strong></span> <span class='ocrx_word' id='word_1_65' title='bbox 1480 830 1648 870; x_wconf 78' lang='lat' dir='ltr'><strong>Postre·</strong></span> 
     </span>
     <span class='ocr_line' id='line_1_10' title="bbox 200 908 1702 961; baseline -0.001 -12"><span class='ocrx_word' id='word_1_66' title='bbox 200 921 314 949; x_wconf 88' lang='lat' dir='ltr'><strong>mum</strong></span> <span class='ocrx_word' id='word_1_67' title='bbox 357 921 507 948; x_wconf 89' lang='lat' dir='ltr'><strong>nomen</strong></span> <span class='ocrx_word' id='word_1_68' title='bbox 555 911 701 961; x_wconf 84' lang='lat' dir='ltr'><strong>utpote</strong></span> <span class='ocrx_word' id='word_1_69' title='bbox 747 911 904 948; x_wconf 85' lang='lat' dir='ltr'><strong>temere</strong></span> <span class='ocrx_word' id='word_1_70' title='bbox 949 921 998 948; x_wconf 84' lang='lat' dir='ltr'><strong>ex</strong></span> <span class='ocrx_word' id='word_1_71' title='bbox 1039 909 1379 961; x_wconf 81' lang='lat' dir='ltr'><strong>praecedentibus</strong></span> <span class='ocrx_word' id='word_1_72' title='bbox 1427 908 1648 961; x_wconf 88' lang='lat' dir='ltr'><strong>repetitum</strong></span> <span class='ocrx_word' id='word_1_73' title='bbox 1694 935 1702 955; x_wconf 79' lang='lat'><strong>÷-.</strong></span> 
     </span>
     <span class='ocr_line' id='line_1_11' title="bbox 200 983 1650 1040; baseline 0 -14"><span class='ocrx_word' id='word_1_74' title='bbox 200 986 326 1026; x_wconf 82' lang='lat' dir='ltr'><strong>litura</strong></span> <span class='ocrx_word' id='word_1_75' title='bbox 365 985 599 1026; x_wconf 86' lang='lat' dir='ltr'><strong>delendum.</strong></span> <span class='ocrx_word' id='word_1_76' title='bbox 665 985 725 1027; x_wconf 81' lang='lat' dir='ltr'><strong>Ac</strong></span> <span class='ocrx_word' id='word_1_77' title='bbox 761 985 879 1025; x_wconf 88' lang='lat' dir='ltr'><strong>deest</strong></span> <span class='ocrx_word' id='word_1_78' title='bbox 915 985 1023 1038; x_wconf 78' lang='lat' dir='ltr'><strong>apud</strong></span> <span class='ocrx_word' id='word_1_79' title='bbox 1050 986 1210 1027; x_wconf 82' lang='lat' dir='ltr'><strong>Eudoc.</strong></span> <span class='ocrx_word' id='word_1_80' title='bbox 1249 1000 1291 1040; x_wconf 90' lang='lat' dir='ltr'><strong>p.</strong></span> <span class='ocrx_word' id='word_1_81' title='bbox 1319 987 1417 1027; x_wconf 83' lang='lat'><strong>428.</strong></span> <span class='ocrx_word' id='word_1_82' title='bbox 1478 986 1543 1027; x_wconf 82' lang='lat' dir='ltr'><strong>Ex</strong></span> <span class='ocrx_word' id='word_1_83' title='bbox 1583 983 1650 1026; x_wconf 83' lang='lat' dir='ltr'><strong>his</strong></span> 
     </span>
     <span class='ocr_line' id='line_1_12' title="bbox 201 1062 1652 1117; baseline 0.002 -15"><span class='ocrx_word' id='word_1_84' title='bbox 201 1062 352 1103; x_wconf 82' lang='lat' dir='ltr'><strong>fabulis</strong></span> <span class='ocrx_word' id='word_1_85' title='bbox 397 1063 543 1103; x_wconf 86' lang='lat' dir='ltr'><strong>inscite</strong></span> <span class='ocrx_word' id='word_1_86' title='bbox 589 1062 804 1102; x_wconf 84' lang='lat' dir='ltr'><strong>Harlesius</strong></span> <span class='ocrx_word' id='word_1_87' title='bbox 847 1063 900 1103; x_wconf 79' lang='lat' dir='ltr'><strong>ad</strong></span> <span class='ocrx_word' id='word_1_88' title='bbox 936 1064 1113 1104; x_wconf 82' lang='lat' dir='ltr'><strong>Fabricii</strong></span> <span class='ocrx_word' id='word_1_89' title='bbox 1155 1064 1263 1104; x_wconf 89' lang='lat' dir='ltr'><strong>Bibl.</strong></span> <span class='ocrx_word' id='word_1_90' title='bbox 1301 1065 1373 1105; x_wconf 85' lang='lat' dir='ltr'><strong>Gr.</strong></span> <span class='ocrx_word' id='word_1_91' title='bbox 1411 1063 1452 1104; x_wconf 91' lang='lat'><strong>11</strong></span> <span class='ocrx_word' id='word_1_92' title='bbox 1488 1077 1528 1117; x_wconf 89' lang='lat' dir='ltr'><strong>p.</strong></span> <span class='ocrx_word' id='word_1_93' title='bbox 1565 1062 1652 1105; x_wconf 74' lang='lat'><strong>484</strong></span> 
     </span>
     <span class='ocr_line' id='line_1_13' title="bbox 202 1140 1689 1194; baseline 0.001 -14"><span class='ocrx_word' id='word_1_94' title='bbox 202 1143 430 1193; x_wconf 85' lang='lat' dir='ltr'><strong>praeeunte</strong></span> <span class='ocrx_word' id='word_1_95' title='bbox 467 1141 644 1179; x_wconf 84' lang='lat' dir='ltr'><strong>Kustero</strong></span> <span class='ocrx_word' id='word_1_96' title='bbox 673 1140 908 1191; x_wconf 79' lang='lat' dir='ltr'><strong>Ephialtem</strong></span> <span class='ocrx_word' id='word_1_97' title='bbox 947 1142 1127 1182; x_wconf 89' lang='lat' dir='ltr'><strong>Cronum</strong></span> <span class='ocrx_word' id='word_1_98' title='bbox 1165 1145 1207 1181; x_wconf 90' lang='lat' dir='ltr'><strong>et</strong></span> <span class='ocrx_word' id='word_1_99' title='bbox 1235 1142 1402 1194; x_wconf 79' lang='lat' dir='ltr'><strong>Satyros</strong></span> <span class='ocrx_word' id='word_1_100' title='bbox 1438 1142 1490 1181; x_wconf 86' lang='lat' dir='ltr'><strong>ad</strong></span> <span class='ocrx_word' id='word_1_101' title='bbox 1524 1140 1652 1194; x_wconf 77' lang='lat' dir='ltr'><strong>tragi-</strong></span> <span class='ocrx_word' id='word_1_102' title='bbox 1686 1170 1689 1176; x_wconf 63' lang='grc'><strong><em>,</em></strong></span> 
     </span>
     <span class='ocr_line' id='line_1_14' title="bbox 205 1218 1652 1272; baseline 0 -14"><span class='ocrx_word' id='word_1_103' title='bbox 205 1229 299 1258; x_wconf 85' lang='lat' dir='ltr'><strong>cum</strong></span> <span class='ocrx_word' id='word_1_104' title='bbox 328 1218 607 1270; x_wconf 81' lang='lat' dir='ltr'><strong>Phrynichum</strong></span> <span class='ocrx_word' id='word_1_105' title='bbox 634 1218 806 1258; x_wconf 86' lang='lat' dir='ltr'><strong>rettulit.</strong></span> <span class='ocrx_word' id='word_1_106' title='bbox 876 1219 1089 1259; x_wconf 85' lang='lat' dir='ltr'><strong>Contrario</strong></span> <span class='ocrx_word' id='word_1_107' title='bbox 1128 1232 1269 1261; x_wconf 82' lang='lat' dir='ltr'><strong>errore</strong></span> <span class='ocrx_word' id='word_1_108' title='bbox 1305 1220 1652 1272; x_wconf 78' lang='lat' dir='ltr'><strong>Kannegiesserue</strong></span> 
     </span>
     <span class='ocr_line' id='line_1_15' title="bbox 205 1287 1702 1350; baseline 0.001 -16"><span class='ocrx_word' id='word_1_109' title='bbox 205 1294 260 1334; x_wconf 87' lang='lat' dir='ltr'><strong>de</strong></span> <span class='ocrx_word' id='word_1_110' title='bbox 300 1295 483 1334; x_wconf 77' lang='lat' dir='ltr'><strong>Theatro</strong></span> <span class='ocrx_word' id='word_1_111' title='bbox 534 1294 618 1335; x_wconf 82' lang='lat' dir='ltr'><strong>Att.</strong></span> <span class='ocrx_word' id='word_1_112' title='bbox 662 1308 704 1347; x_wconf 87' lang='lat' dir='ltr'><strong>p.</strong></span> <span class='ocrx_word' id='word_1_113' title='bbox 740 1295 825 1337; x_wconf 78' lang='lat'><strong>447</strong></span> <span class='ocrx_word' id='word_1_114' title='bbox 867 1296 1090 1348; x_wconf 77' lang='lat' dir='ltr'><strong>Tyronem,</strong></span> <span class='ocrx_word' id='word_1_115' title='bbox 1130 1310 1234 1350; x_wconf 85' lang='lat' dir='ltr'><strong>quae</strong></span> <span class='ocrx_word' id='word_1_116' title='bbox 1275 1310 1327 1337; x_wconf 88' lang='lat' dir='ltr'><strong>ne</strong></span> <span class='ocrx_word' id='word_1_117' title='bbox 1369 1296 1448 1337; x_wconf 80' lang='lat' dir='ltr'><strong>fuit</strong></span> <span class='ocrx_word' id='word_1_118' title='bbox 1488 1297 1652 1349; x_wconf 87' lang='lat' dir='ltr'><strong>quidem</strong></span> <span class='ocrx_word' id='word_1_119' title='bbox 1695 1287 1702 1325; x_wconf 62' lang='grc' dir='ltr'>ἶ</span> 
     </span>
     <span class='ocr_line' id='line_1_16' title="bbox 206 1370 1653 1427; baseline 0.001 -15"><span class='ocrx_word' id='word_1_120' title='bbox 206 1370 430 1424; x_wconf 79' lang='lat' dir='ltr'><strong>Phrynichi</strong></span> <span class='ocrx_word' id='word_1_121' title='bbox 458 1370 616 1420; x_wconf 84' lang='lat' dir='ltr'><strong>fabula,</strong></span> <span class='ocrx_word' id='word_1_122' title='bbox 654 1372 808 1413; x_wconf 89' lang='lat' dir='ltr'><strong>comico</strong></span> <span class='ocrx_word' id='word_1_123' title='bbox 839 1377 979 1413; x_wconf 82' lang='lat' dir='ltr'><strong>nostro</strong></span> <span class='ocrx_word' id='word_1_124' title='bbox 1008 1374 1218 1423; x_wconf 85' lang='lat' dir='ltr'><strong>attribuit,</strong></span> <span class='ocrx_word' id='word_1_125' title='bbox 1246 1374 1355 1427; x_wconf 87' lang='lat' dir='ltr'><strong>quod</strong></span> <span class='ocrx_word' id='word_1_126' title='bbox 1382 1374 1449 1414; x_wconf 75' lang='lat' dir='ltr'><strong>vel</strong></span> <span class='ocrx_word' id='word_1_127' title='bbox 1477 1374 1529 1413; x_wconf 89' lang='lat' dir='ltr'><strong>ob</strong></span> <span class='ocrx_word' id='word_1_128' title='bbox 1559 1373 1653 1414; x_wconf 83' lang='lat' dir='ltr'><strong>Sui-</strong></span> 
     </span>
     <span class='ocr_line' id='line_1_17' title="bbox 207 1442 1700 1511; baseline 0.001 -21"><span class='ocrx_word' id='word_1_129' title='bbox 207 1449 286 1490; x_wconf 83' lang='lat' dir='ltr'><strong>dae</strong></span> <span class='ocrx_word' id='word_1_130' title='bbox 322 1453 365 1489; x_wconf 87' lang='lat' dir='ltr'><strong>et</strong></span> <span class='ocrx_word' id='word_1_131' title='bbox 393 1449 596 1500; x_wconf 83' lang='lat' dir='ltr'><strong>Anonymi</strong></span> <span class='ocrx_word' id='word_1_132' title='bbox 634 1449 686 1489; x_wconf 88' lang='lat' dir='ltr'><strong>de</strong></span> <span class='ocrx_word' id='word_1_133' title='bbox 722 1462 892 1490; x_wconf 87' lang='lat' dir='ltr'><strong>numero</strong></span> <span class='ocrx_word' id='word_1_134' title='bbox 931 1450 1160 1491; x_wconf 86' lang='lat' dir='ltr'><strong>fabularum</strong></span> <span class='ocrx_word' id='word_1_135' title='bbox 1189 1452 1527 1504; x_wconf 76' lang='lat' dir='ltr'><strong>Phrynichiarum</strong></span> <span class='ocrx_word' id='word_1_136' title='bbox 1556 1464 1654 1492; x_wconf 82' lang='lat' dir='ltr'><strong>con·</strong></span> <span class='ocrx_word' id='word_1_137' title='bbox 1693 1442 1700 1511; x_wconf 56' lang='lat'><strong>{-</strong></span> 
     </span>
     <span class='ocr_line' id='line_1_18' title="bbox 208 1526 1698 1583; baseline 0.003 -17"><span class='ocrx_word' id='word_1_138' title='bbox 208 1538 373 1567; x_wconf 72' lang='lat' dir='ltr'><strong>sensum</strong></span> <span class='ocrx_word' id='word_1_139' title='bbox 399 1527 493 1567; x_wconf 86' lang='lat' dir='ltr'><strong>fieri</strong></span> <span class='ocrx_word' id='word_1_140' title='bbox 520 1539 602 1568; x_wconf 92' lang='lat' dir='ltr'><strong>non</strong></span> <span class='ocrx_word' id='word_1_141' title='bbox 632 1526 821 1567; x_wconf 85' lang='lat' dir='ltr'><strong>debebat.</strong></span> <span class='ocrx_word' id='word_1_142' title='bbox 876 1528 1038 1570; x_wconf 85' lang='lat' dir='ltr'><strong>Eodem</strong></span> <span class='ocrx_word' id='word_1_143' title='bbox 1066 1534 1306 1583; x_wconf 82' lang='lat' dir='ltr'><strong>argumento</strong></span> <span class='ocrx_word' id='word_1_144' title='bbox 1337 1530 1459 1570; x_wconf 85' lang='lat' dir='ltr'><strong>etiam</strong></span> <span class='ocrx_word' id='word_1_145' title='bbox 1489 1530 1655 1570; x_wconf 83' lang='lat' dir='ltr'><strong>Lessin-</strong></span> <span class='ocrx_word' id='word_1_146' title='bbox 1673 1527 1698 1570; x_wconf 65' lang='lat'><strong>«³</strong></span> 
     </span>
     <span class='ocr_line' id='line_1_19' title="bbox 209 1602 1702 1658; baseline 0.001 -14"><span class='ocrx_word' id='word_1_147' title='bbox 209 1602 267 1657; x_wconf 76' lang='lat' dir='ltr'><strong>gii</strong></span> <span class='ocrx_word' id='word_1_148' title='bbox 304 1607 347 1644; x_wconf 84' lang='lat' dir='ltr'><strong>et</strong></span> <span class='ocrx_word' id='word_1_149' title='bbox 372 1603 601 1644; x_wconf 83' lang='lat' dir='ltr'><strong>Hermanni</strong></span> <span class='ocrx_word' id='word_1_150' title='bbox 639 1605 867 1645; x_wconf 83' lang='lat' dir='ltr'><strong>sententiae</strong></span> <span class='ocrx_word' id='word_1_151' title='bbox 905 1606 1004 1648; x_wconf 82' lang='lat' dir='ltr'><strong>satis</strong></span> <span class='ocrx_word' id='word_1_152' title='bbox 1033 1607 1336 1655; x_wconf 85' lang='lat' dir='ltr'><strong>convelluntur,</strong></span> <span class='ocrx_word' id='word_1_153' title='bbox 1372 1618 1544 1658; x_wconf 86' lang='lat' dir='ltr'><strong>quorum</strong></span> <span class='ocrx_word' id='word_1_154' title='bbox 1581 1606 1655 1647; x_wconf 84' lang='lat' dir='ltr'><strong>ille</strong></span> <span class='ocrx_word' id='word_1_155' title='bbox 1680 1602 1702 1653; x_wconf 59' lang='grc' dir='ltr'><em>Ξ</em></span> 
     </span>
     <span class='ocr_line' id='line_1_20' title="bbox 210 1679 1659 1734; baseline 0.001 -12"><span class='ocrx_word' id='word_1_156' title='bbox 210 1681 253 1722; x_wconf 84' lang='lat' dir='ltr'><strong>ln</strong></span> <span class='ocrx_word' id='word_1_157' title='bbox 282 1679 378 1722; x_wconf 86' lang='lat' dir='ltr'><strong>Vita</strong></span> <span class='ocrx_word' id='word_1_158' title='bbox 407 1679 622 1734; x_wconf 83' lang='lat' dir='ltr'><strong>Sophoclis</strong></span> <span class='ocrx_word' id='word_1_159' title='bbox 650 1694 692 1734; x_wconf 87' lang='lat' dir='ltr'><strong>p.</strong></span> <span class='ocrx_word' id='word_1_160' title='bbox 720 1681 776 1722; x_wconf 89' lang='grc'><strong>44</strong></span> <span class='ocrx_word' id='word_1_161' title='bbox 815 1694 866 1722; x_wconf 78' lang='lat' dir='ltr'><strong>ex</strong></span> <span class='ocrx_word' id='word_1_162' title='bbox 893 1682 999 1722; x_wconf 88' lang='lat' dir='ltr'><strong>male</strong></span> <span class='ocrx_word' id='word_1_163' title='bbox 1027 1684 1235 1724; x_wconf 89' lang='lat' dir='ltr'><strong>intellecto</strong></span> <span class='ocrx_word' id='word_1_164' title='bbox 1265 1683 1356 1724; x_wconf 85' lang='lat' dir='ltr'><strong>loco</strong></span> <span class='ocrx_word' id='word_1_165' title='bbox 1382 1683 1585 1725; x_wconf 88' lang='lat' dir='ltr'><strong>Athenaei</strong></span> <span class='ocrx_word' id='word_1_166' title='bbox 1615 1683 1659 1726; x_wconf 69' lang='lat'><strong>11,</strong></span> 
     </span>
     <span class='ocr_line' id='line_1_21' title="bbox 211 1753 1700 1814; baseline 0.003 -16"><span class='ocrx_word' id='word_1_167' title='bbox 211 1772 253 1811; x_wconf 88' lang='lat' dir='ltr'><strong>p.</strong></span> <span class='ocrx_word' id='word_1_168' title='bbox 282 1759 337 1799; x_wconf 80' lang='lat'><strong>44</strong></span> <span class='ocrx_word' id='word_1_169' title='bbox 354 1759 381 1799; x_wconf 86' lang='lat' dir='ltr'><strong>d</strong></span> <span class='ocrx_word' id='word_1_170' title='bbox 423 1753 618 1812; x_wconf 82' lang='grc' dir='ltr'><strong><em>Λάρους,</em></strong></span> <span class='ocrx_word' id='word_1_171' title='bbox 658 1758 729 1800; x_wconf 87' lang='lat' dir='ltr'><strong>hic</strong></span> <span class='ocrx_word' id='word_1_172' title='bbox 757 1763 895 1800; x_wconf 82' lang='lat' dir='ltr'><strong>autem</strong></span> <span class='ocrx_word' id='word_1_173' title='bbox 923 1771 947 1801; x_wconf 89' lang='lat' dir='ltr'><strong>e</strong></span> <span class='ocrx_word' id='word_1_174' title='bbox 975 1762 1278 1814; x_wconf 87' lang='lat' dir='ltr'><strong>corruptissimo</strong></span> <span class='ocrx_word' id='word_1_175' title='bbox 1306 1760 1472 1802; x_wconf 82' lang='lat' dir='ltr'><strong>scholio</strong></span> <span class='ocrx_word' id='word_1_176' title='bbox 1500 1761 1655 1801; x_wconf 82' lang='lat' dir='ltr'><strong>Aristo-</strong></span> <span class='ocrx_word' id='word_1_177' title='bbox 1687 1756 1700 1797; x_wconf 61' lang='grc' dir='ltr'><strong>ἐ·</strong></span> 
     </span>
     <span class='ocr_line' id='line_1_22' title="bbox 212 1818 1702 1892; baseline 0.002 -18"><span class='ocrx_word' id='word_1_178' title='bbox 212 1835 359 1890; x_wconf 73' lang='lat' dir='ltr'><strong>phanis</strong></span> <span class='ocrx_word' id='word_1_179' title='bbox 402 1835 510 1879; x_wconf 77' lang='lat' dir='ltr'><strong>Nub.</strong></span> <span class='ocrx_word' id='word_1_180' title='bbox 540 1835 623 1876; x_wconf 72' lang='lat'><strong>552</strong></span> <span class='ocrx_word' id='word_1_181' title='bbox 656 1830 939 1877; x_wconf 65' lang='grc' dir='ltr'><strong><em>Ὑπεύθυνον</em></strong></span> <span class='ocrx_word' id='word_1_182' title='bbox 967 1838 1188 1892; x_wconf 70' lang='lat' dir='ltr'><strong>Phrynichi</strong></span> <span class='ocrx_word' id='word_1_183' title='bbox 1214 1838 1363 1880; x_wconf 83' lang='lat' dir='ltr'><strong>fabulis</strong></span> <span class='ocrx_word' id='word_1_184' title='bbox 1394 1839 1489 1880; x_wconf 71' lang='lat' dir='ltr'><strong>addi</strong></span> <span class='ocrx_word' id='word_1_185' title='bbox 1516 1838 1656 1880; x_wconf 72' lang='lat' dir='ltr'><strong>voluit.</strong></span> <span class='ocrx_word' id='word_1_186' title='bbox 1692 1818 1702 1879; x_wconf 70' lang='grc' dir='ltr'><strong>,ἑ</strong></span> 
     </span>
     <span class='ocr_line' id='line_1_23' title="bbox 213 1903 1702 1994; baseline 0.001 -39"><span class='ocrx_word' id='word_1_187' title='bbox 213 1913 435 1955; x_wconf 80' lang='lat' dir='ltr'><strong>Videamus</strong></span> <span class='ocrx_word' id='word_1_188' title='bbox 463 1914 544 1953; x_wconf 82' lang='lat' dir='ltr'><strong>iam</strong></span> <span class='ocrx_word' id='word_1_189' title='bbox 574 1913 627 1953; x_wconf 86' lang='lat' dir='ltr'><strong>de</strong></span> <span class='ocrx_word' id='word_1_190' title='bbox 655 1913 839 1968; x_wconf 75' lang='lat' dir='ltr'><strong>singulis,</strong></span> <span class='ocrx_word' id='word_1_191' title='bbox 1687 1903 1702 1994; x_wconf 55' lang='lat' dir='ltr'><strong>i</strong></span> 
     </span>
    </p>

    <p class='ocr_par' dir='ltr' id='par_1_4' title="bbox 214 1984 1702 2746">
     <span class='ocr_line' id='line_1_24' title="bbox 320 1984 1702 2046; baseline 0.004 -17"><span class='ocrx_word' id='word_1_192' title='bbox 320 1984 561 2043; x_wconf 76' lang='grc' dir='ltr'><strong><em>Ἐφιάλτης</em></strong></span> <span class='ocrx_word' id='word_1_193' title='bbox 595 1990 786 2033; x_wconf 84' lang='lat' dir='ltr'><strong>laudatur</strong></span> <span class='ocrx_word' id='word_1_194' title='bbox 820 1990 978 2035; x_wconf 66' lang='lat' dir='ltr'><strong>Athen.</strong></span> <span class='ocrx_word' id='word_1_195' title='bbox 1008 1992 1066 2035; x_wconf 85' lang='lat' dir='ltr'><strong>IV</strong></span> <span class='ocrx_word' id='word_1_196' title='bbox 1099 2006 1141 2046; x_wconf 88' lang='lat' dir='ltr'><strong>p.</strong></span> <span class='ocrx_word' id='word_1_197' title='bbox 1171 1987 1253 2034; x_wconf 84' lang='lat'><strong>165</strong></span> <span class='ocrx_word' id='word_1_198' title='bbox 1268 1993 1308 2033; x_wconf 91' lang='lat' dir='ltr'><strong>b.</strong></span> <span class='ocrx_word' id='word_1_199' title='bbox 1357 1992 1417 2035; x_wconf 84' lang='lat' dir='ltr'><strong>VI</strong></span> <span class='ocrx_word' id='word_1_200' title='bbox 1454 2005 1497 2046; x_wconf 87' lang='lat' dir='ltr'><strong>p.</strong></span> <span class='ocrx_word' id='word_1_201' title='bbox 1526 1992 1608 2033; x_wconf 84' lang='lat'><strong>184</strong></span> <span class='ocrx_word' id='word_1_202' title='bbox 1624 1991 1658 2043; x_wconf 84' lang='lat' dir='ltr'><strong>f,</strong></span> <span class='ocrx_word' id='word_1_203' title='bbox 1682 1994 1702 2035; x_wconf 41' lang='grc' dir='ltr'><strong>,ἐξ</strong></span> 
     </span>
     <span class='ocr_line' id='line_1_25' title="bbox 214 2059 1702 2129; baseline -0.001 -19"><span class='ocrx_word' id='word_1_204' title='bbox 214 2066 374 2110; x_wconf 76' lang='lat' dir='ltr'><strong>Pouuci</strong></span> <span class='ocrx_word' id='word_1_205' title='bbox 387 2069 465 2110; x_wconf 88' lang='lat' dir='ltr'><strong>v11</strong></span> <span class='ocrx_word' id='word_1_206' title='bbox 496 2068 578 2107; x_wconf 86' lang='lat'><strong>103</strong></span> <span class='ocrx_word' id='word_1_207' title='bbox 606 2073 650 2108; x_wconf 73' lang='lat' dir='ltr'><strong>et</strong></span> <span class='ocrx_word' id='word_1_208' title='bbox 677 2069 815 2111; x_wconf 78' lang='lat' dir='ltr'><strong>Schol.</strong></span> <span class='ocrx_word' id='word_1_209' title='bbox 837 2070 1045 2122; x_wconf 84' lang='lat' dir='ltr'><strong>Aristoph.</strong></span> <span class='ocrx_word' id='word_1_210' title='bbox 1071 2071 1147 2112; x_wconf 81' lang='lat' dir='ltr'><strong>Av.</strong></span> <span class='ocrx_word' id='word_1_211' title='bbox 1176 2072 1300 2120; x_wconf 77' lang='lat'>1297,</span> <span class='ocrx_word' id='word_1_212' title='bbox 1327 2070 1399 2111; x_wconf 76' lang='lat' dir='ltr'><strong>ubi</strong></span> <span class='ocrx_word' id='word_1_213' title='bbox 1423 2059 1702 2129; x_wconf 57' lang='grc' dir='ltr'><strong>Ἐπιάλτηςᾷἰ</strong></span> 
     </span>
     <span class='ocr_line' id='line_1_26' title="bbox 216 2142 1702 2205; baseline 0.001 -19"><span class='ocrx_word' id='word_1_214' title='bbox 216 2144 374 2195; x_wconf 82' lang='lat' dir='ltr'><strong>editur,</strong></span> <span class='ocrx_word' id='word_1_215' title='bbox 409 2146 519 2199; x_wconf 88' lang='lat' dir='ltr'><strong>quod</strong></span> <span class='ocrx_word' id='word_1_216' title='bbox 556 2146 878 2199; x_wconf 82' lang='lat' dir='ltr'><strong>Iungermannus</strong></span> <span class='ocrx_word' id='word_1_217' title='bbox 915 2147 967 2188; x_wconf 81' lang='lat' dir='ltr'><strong>ad</strong></span> <span class='ocrx_word' id='word_1_218' title='bbox 1001 2147 1214 2205; x_wconf 74' lang='lat' dir='ltr'><strong>Pollucem</strong></span> <span class='ocrx_word' id='word_1_219' title='bbox 1242 2147 1271 2188; x_wconf 93' lang='lat'><strong>1.</strong></span> <span class='ocrx_word' id='word_1_220' title='bbox 1299 2149 1328 2189; x_wconf 91' lang='lat' dir='ltr'><strong>l.</strong></span> <span class='ocrx_word' id='word_1_221' title='bbox 1366 2148 1409 2188; x_wconf 87' lang='lat' dir='ltr'><strong>in</strong></span> <span class='ocrx_word' id='word_1_222' title='bbox 1442 2142 1702 2204; x_wconf 41' lang='grc' dir='ltr'><strong><em>Ἐφιάλτῃ-ἕ</em></strong></span> 
     </span>
     <span class='ocr_line' id='line_1_27' title="bbox 216 2218 1702 2279; baseline 0.001 -17"><span class='ocrx_word' id='word_1_223' title='bbox 216 2226 415 2263; x_wconf 90' lang='lat' dir='ltr'><strong>mutatum</strong></span> <span class='ocrx_word' id='word_1_224' title='bbox 444 2223 594 2273; x_wconf 86' lang='lat' dir='ltr'><strong>voluit,</strong></span> <span class='ocrx_word' id='word_1_225' title='bbox 621 2237 704 2265; x_wconf 88' lang='lat' dir='ltr'><strong>non</strong></span> <span class='ocrx_word' id='word_1_226' title='bbox 731 2225 937 2276; x_wconf 84' lang='lat' dir='ltr'><strong>facturus,</strong></span> <span class='ocrx_word' id='word_1_227' title='bbox 967 2226 1134 2278; x_wconf 86' lang='lat' dir='ltr'><strong>opinor,</strong></span> <span class='ocrx_word' id='word_1_228' title='bbox 1164 2225 1198 2265; x_wconf 88' lang='lat' dir='ltr'><strong>si</strong></span> <span class='ocrx_word' id='word_1_229' title='bbox 1227 2229 1391 2279; x_wconf 80' lang='lat' dir='ltr'><strong>praeter</strong></span> <span class='ocrx_word' id='word_1_230' title='bbox 1421 2218 1661 2278; x_wconf 80' lang='grc' dir='ltr'><strong><em>Ἐφιάλτης</em></strong></span> <span class='ocrx_word' id='word_1_231' title='bbox 1687 2231 1702 2269; x_wconf 59' lang='lat' dir='ltr'><strong>ri,</strong></span> 
     </span>
     <span class='ocr_line' id='line_1_28' title="bbox 216 2295 1702 2351; baseline 0.003 -11"><span class='ocrx_word' id='word_1_232' title='bbox 216 2301 339 2340; x_wconf 84' lang='lat' dir='ltr'><strong>etiam</strong></span> <span class='ocrx_word' id='word_1_233' title='bbox 364 2295 577 2349; x_wconf 80' lang='grc' dir='ltr'><strong><em>Ἐπιάλης</em></strong></span> <span class='ocrx_word' id='word_1_234' title='bbox 611 2306 653 2342; x_wconf 87' lang='lat' dir='ltr'><strong>et</strong></span> <span class='ocrx_word' id='word_1_235' title='bbox 679 2298 905 2351; x_wconf 80' lang='grc' dir='ltr'><strong><em>Ἠπιάλης</em></strong></span> <span class='ocrx_word' id='word_1_236' title='bbox 932 2304 975 2344; x_wconf 86' lang='lat' dir='ltr'><strong>in</strong></span> <span class='ocrx_word' id='word_1_237' title='bbox 1003 2315 1081 2343; x_wconf 90' lang='lat' dir='ltr'><strong>usu</strong></span> <span class='ocrx_word' id='word_1_238' title='bbox 1108 2303 1240 2343; x_wconf 78' lang='lat' dir='ltr'><strong>fuisse</strong></span> <span class='ocrx_word' id='word_1_239' title='bbox 1270 2302 1534 2343; x_wconf 87' lang='lat' dir='ltr'><strong>meminisset.</strong></span> <span class='ocrx_word' id='word_1_240' title='bbox 1572 2302 1661 2343; x_wconf 83' lang='lat' dir='ltr'><strong>He·</strong></span> <span class='ocrx_word' id='word_1_241' title='bbox 1682 2295 1702 2346; x_wconf 61' lang='grc' dir='ltr'><strong><em>ὲ</em></strong></span> 
     </span>
     <span class='ocr_line' id='line_1_29' title="bbox 216 2362 1702 2438; baseline 0.002 -22"><span class='ocrx_word' id='word_1_242' title='bbox 216 2378 404 2431; x_wconf 81' lang='lat' dir='ltr'><strong>sychius=</strong></span> <span class='ocrx_word' id='word_1_243' title='bbox 427 2373 643 2428; x_wconf 75' lang='grc' dir='ltr'><strong><em>Ἐπιαλής</em></strong></span> <span class='ocrx_word' id='word_1_244' title='bbox 679 2373 946 2432; x_wconf 82' lang='grc' dir='ltr'><strong><em>(Ἐπιάλης)</em></strong></span> <span class='ocrx_word' id='word_1_245' title='bbox 984 2375 1008 2419; x_wconf 87' lang='grc' dir='ltr'><em>ὁ</em></span> <span class='ocrx_word' id='word_1_246' title='bbox 1048 2374 1302 2434; x_wconf 80' lang='grc' dir='ltr'><strong><em>Ἐφιάλτης.</em></strong></span> <span class='ocrx_word' id='word_1_247' title='bbox 1362 2362 1702 2438; x_wconf 31' lang='lat' dir='ltr'><strong>Grammaticus&amp;</strong></span> 
     </span>
     <span class='ocr_line' id='line_1_30' title="bbox 215 2440 1698 2511; baseline 0.001 -17"><span class='ocrx_word' id='word_1_248' title='bbox 215 2455 393 2496; x_wconf 86' lang='lat' dir='ltr'><strong>Bekkeri</strong></span> <span class='ocrx_word' id='word_1_249' title='bbox 428 2458 584 2498; x_wconf 91' lang='lat' dir='ltr'><strong>Anecd.</strong></span> <span class='ocrx_word' id='word_1_250' title='bbox 624 2471 665 2510; x_wconf 88' lang='lat' dir='ltr'><strong>p.</strong></span> <span class='ocrx_word' id='word_1_251' title='bbox 696 2458 804 2498; x_wconf 81' lang='lat'>1189</span> <span class='ocrx_word' id='word_1_252' title='bbox 847 2459 900 2499; x_wconf 84' lang='lat'><strong>31</strong></span> <span class='ocrx_word' id='word_1_253' title='bbox 937 2453 1150 2506; x_wconf 79' lang='grc' dir='ltr'><strong><em>’.Επιάλης</em></strong></span> <span class='ocrx_word' id='word_1_254' title='bbox 1182 2453 1459 2505; x_wconf 76' lang='grc' dir='ltr'><strong><em>Ἐπιάλητος.</em></strong></span> <span class='ocrx_word' id='word_1_255' title='bbox 1526 2457 1660 2511; x_wconf 78' lang='lat' dir='ltr'><strong>Phry-</strong></span> <span class='ocrx_word' id='word_1_256' title='bbox 1677 2440 1698 2495; x_wconf 35' lang='lat' dir='ltr'><strong>:s</strong></span> 
     </span>
     <span class='ocr_line' id='line_1_31' title="bbox 217 2528 1694 2587; baseline -0.001 -13"><span class='ocrx_word' id='word_1_257' title='bbox 217 2534 363 2574; x_wconf 82' lang='lat' dir='ltr'><strong>nichus</strong></span> <span class='ocrx_word' id='word_1_258' title='bbox 398 2536 504 2587; x_wconf 90' lang='lat' dir='ltr'><strong>App.</strong></span> <span class='ocrx_word' id='word_1_259' title='bbox 540 2535 668 2587; x_wconf 88' lang='lat' dir='ltr'><strong>Soph.</strong></span> <span class='ocrx_word' id='word_1_260' title='bbox 709 2548 750 2587; x_wconf 90' lang='lat' dir='ltr'><strong>p.</strong></span> <span class='ocrx_word' id='word_1_261' title='bbox 781 2537 836 2576; x_wconf 74' lang='lat'><strong>42</strong></span> <span class='ocrx_word' id='word_1_262' title='bbox 880 2537 903 2576; x_wconf 93' lang='lat'>1</span> <span class='ocrx_word' id='word_1_263' title='bbox 952 2530 1208 2583; x_wconf 74' lang='grc' dir='ltr'><strong><em>Ἠπιάληςε</em></strong></span> <span class='ocrx_word' id='word_1_264' title='bbox 1252 2528 1275 2572; x_wconf 86' lang='grc' dir='ltr'>ὁ</span> <span class='ocrx_word' id='word_1_265' title='bbox 1311 2530 1553 2572; x_wconf 75' lang='grc' dir='ltr'><strong><em>ἐπιπίπτων</em></strong></span> <span class='ocrx_word' id='word_1_266' title='bbox 1587 2532 1661 2573; x_wconf 85' lang='grc' dir='ltr'><strong>καὶ</strong></span> <span class='ocrx_word' id='word_1_267' title='bbox 1676 2545 1694 2563; x_wconf 64' lang='lat'><strong>11</strong></span> 
     </span>
     <span class='ocr_line' id='line_1_32' title="bbox 218 2606 1660 2666; baseline -0.001 -16"><span class='ocrx_word' id='word_1_268' title='bbox 218 2608 415 2665; x_wconf 79' lang='grc' dir='ltr'><strong><em>ἐφέρπων</em></strong></span> <span class='ocrx_word' id='word_1_269' title='bbox 444 2612 532 2658; x_wconf 77' lang='grc' dir='ltr'><strong><em>τοῖς</em></strong></span> <span class='ocrx_word' id='word_1_270' title='bbox 560 2612 842 2665; x_wconf 79' lang='grc' dir='ltr'><strong><em>κοιμωμένοις</em></strong></span> <span class='ocrx_word' id='word_1_271' title='bbox 877 2609 1061 2666; x_wconf 83' lang='grc' dir='ltr'><em>δαίμων.</em></span> <span class='ocrx_word' id='word_1_272' title='bbox 1128 2611 1317 2653; x_wconf 84' lang='lat' dir='ltr'><strong>Eundem</strong></span> <span class='ocrx_word' id='word_1_273' title='bbox 1349 2606 1564 2650; x_wconf 84' lang='grc' dir='ltr'><strong><em>Ἐπίαλον</em></strong></span> <span class='ocrx_word' id='word_1_274' title='bbox 1599 2610 1660 2650; x_wconf 84' lang='lat' dir='ltr'><strong>di-</strong></span> 
     </span>
     <span class='ocr_line' id='line_1_33' title="bbox 219 2686 1683 2746; baseline 0.001 -16"><span class='ocrx_word' id='word_1_275' title='bbox 219 2691 324 2731; x_wconf 77' lang='lat' dir='ltr'><strong>xisse</strong></span> <span class='ocrx_word' id='word_1_276' title='bbox 354 2689 550 2732; x_wconf 81' lang='lat' dir='ltr'><strong>Alcaeum</strong></span> <span class='ocrx_word' id='word_1_277' title='bbox 579 2690 699 2731; x_wconf 82' lang='lat' dir='ltr'><strong>tradit</strong></span> <span class='ocrx_word' id='word_1_278' title='bbox 726 2691 905 2746; x_wconf 79' lang='lat' dir='ltr'><strong>Etymol.</strong></span> <span class='ocrx_word' id='word_1_279' title='bbox 933 2692 993 2732; x_wconf 85' lang='lat' dir='ltr'><strong>M.</strong></span> <span class='ocrx_word' id='word_1_280' title='bbox 1021 2700 1066 2746; x_wconf 77' lang='lat' dir='ltr'><strong>p.</strong></span> <span class='ocrx_word' id='word_1_281' title='bbox 1092 2689 1177 2732; x_wconf 71' lang='lat'><strong>434</strong></span> <span class='ocrx_word' id='word_1_282' title='bbox 1210 2691 1278 2740; x_wconf 71' lang='lat'><strong>12,</strong></span> <span class='ocrx_word' id='word_1_283' title='bbox 1311 2690 1389 2731; x_wconf 83' lang='lat' dir='ltr'><strong>nisi</strong></span> <span class='ocrx_word' id='word_1_284' title='bbox 1426 2688 1462 2730; x_wconf 81' lang='lat' dir='ltr'><strong>is</strong></span> <span class='ocrx_word' id='word_1_285' title='bbox 1500 2686 1683 2745; x_wconf 75' lang='lat' dir='ltr'><strong>scripsit</strong></span> 
     </span>
    </p>
   </div>
  </div>
 </body>
</html>
