1702 3190
649 153 864 182 eru-rme.
1394 138 1479 180 225

118 249 443 306 Ἀταλάντη.
514 257 634 297 Hanc
662 255 732 294 diu
761 258 855 306 post
883 252 1022 293 Rana:
1051 253 1093 293 h.
1124 266 1162 294 e.
1193 257 1287 305 post
1318 252 1483 307 Olymp.

10 340 147 382 xcm
178 339 205 378 3
241 341 372 377 aetam
404 349 496 376 esse
526 335 652 375 tradit
680 333 912 374 Scholiasta
941 331 1047 371 Ran.
1080 332 1185 371 146:
1226 330 1339 379 τινές
1368 345 1485 386 φασι

12 417 72 474 τῷ
110 413 225 470 σκώρ
265 412 439 470 πρῶτον
476 411 695 467 κεχρῆθαι
731 407 951 465 Στράττιν
994 407 1041 447 ἐν
1072 403 1337 465 Ἀταλάντῳ
1375 406 1482 465 δρᾶ-

13 510 135 552 ματι.
203 491 372 540 Ψέῦδος
411 490 472 533 δέ.
536 489 680 548 πολλῷ
714 487 796 543 γὰρ
832 482 1014 542 ὕστερον
1052 485 1140 527 τῶν
1175 485 1424 542 Βατράχων
1461 485 1486 530 ὁ

11 571 291 621 ’Λτάλαντος
325 568 592 616 ὃεδὶδακται,
627 569 698 608 ubi
727 565 774 606 ἐν
810 563 1064 623 Ἀταλάντῃ
1096 571 1138 607 et
1170 562 1194 616 ἡ
1233 563 1485 619 Ἀταλάντη

19 655 279 696 scribendum
319 652 494 690 videtur.
561 647 719 688 Similia
759 647 886 686 habet
923 647 1073 687 Suidan
1105 660 1137 687 s.
1169 661 1207 687 v.
1240 643 1374 702 σκῶρ,
1416 650 1486 688 ubi

17 747 93 786 pro
128 725 391 783 Ἀταλάντῳ
428 728 582 780 legitur
620 720 923 775 Ἀταλάντης,
970 727 1106 766 verbis
1144 720 1168 764 ὁ
1210 720 1490 774 Ἀτάλαντος

17 811 190 852 omissis.
247 810 311 848 Ex
340 803 564 847 serioribus
595 805 830 846 Atalantam
872 805 1002 845 fuisse
1039 805 1191 846 fabulis
1223 807 1345 846 docet
1374 808 1491 847 locus

17 890 68 929 ab
98 893 266 927 auctore
297 888 417 928 Vitae
450 886 640 925 Isocratis
671 898 694 924 a
725 884 964 924 Mustoxide
995 886 1132 926 editae
1161 899 1202 937 p.
1221 886 1258 925 X
1290 890 1332 925 et
1362 887 1489 927 Athe

20 981 123 1009 meo
154 967 254 1006 Xlll
285 980 325 1018 p.
356 966 440 1005 592
459 966 485 1005 d
516 968 715 1004 servatus.
775 964 859 1003 Sed
891 964 943 1003 de
974 965 1054 1004 hoc
1083 964 1135 1004 ad
1167 963 1399 1017 fragmenta
1430 966 1493 1005 fa-

19 1047 142 1089 bulae
172 1047 316 1086 dicam.
359 1044 543 1103 Eandem
575 1033 794 1095 praeterea
823 1043 874 1082 ad
906 1048 1044 1095 partes
1075 1048 1223 1082 vocant
1254 1045 1496 1085 Athenaeus

21 1126 101 1168 Vll
140 1139 180 1178 p.
211 1125 293 1164 302
313 1125 351 1164 d.
389 1123 620 1164 Scholiasta
652 1122 837 1162 Venetus
876 1122 928 1161 ad
958 1122 1247 1175 Aristophanis
1285 1123 1382 1164 Pac.
1414 1125 1497 1164 347

23 1209 65 1245 et
94 1204 242 1244 Suidas
259 1194 290 1243 *1
326 1216 367 1255 p.
398 1203 495 1251 611,
534 1201 605 1240 ubi
649 1201 798 1240 citatur
834 1195 1052 1256 Στράττις
1093 1199 1141 1239 ἐν
1187 1196 1500 1249 Ἀταλάνταις.

23 1286 86 1327 Ac
114 1284 290 1322 fortasse
321 1282 466 1321 eadem
505 1281 648 1320 fabula
676 1281 932 1332 significatur
971 1281 1080 1333 apud
1110 1281 1369 1334 Hesychium
1398 1297 1431 1324 s.
1462 1297 1501 1324 v.

25 1354 568 1415 Διονυσιοκουροπυρώνης
604 1359 693 1410 (sic
722 1360 840 1413 lege,
872 1364 914 1399 et
943 1365 1091 1412 postea
1121 1355 1401 1413 Διονύσιος),
1431 1362 1503 1401 ubi

24 1443 225 1497 legimus:
261 1435 319 1487 ὠς
357 1436 489 1490 δηλοῖ
512 1434 537 1477 ὁ
566 1434 645 1486 τὰς
677 1433 964 1487 Ἀταλάντας
1004 1435 1211 1490 συνθείς,
1249 1452 1429 1493 prorsus
1458 1445 1505 1480 ut

24 1522 139 1576 snpud
166 1520 439 1561 Scholiastam
469 1521 543 1560 Av.
575 1519 686 1560 1294
718 1514 741 1557 ὁ
770 1515 848 1566 τὰς
875 1513 1163 1567 Ἀταλάντας
1191 1514 1383 1574 γράψας.
1425 1521 1505 1560 Ce-

0 1605 166 1652 ,terum
197 1600 408 1641 Atalantas
437 1599 603 1651 scripsit
634 1598 756 1638 etiam
789 1599 994 1639 Phor-mus
1018 1599 1316 1652 Syracusanus,
1347 1603 1389 1638 et
1408 1599 1508 1638 Ata-

33 1679 183 1721 lantam
213 1679 365 1718 Callias
394 1677 624 1730 Euthycles
653 1678 794 1719 Alexis
822 1678 1043 1731 Philyllius
1074 1683 1116 1718 et
1146 1678 1424 1722 Philetaerus.

61 1774 73 1780 “
146 1752 402 1812 Ζώπυρος
435 1751 871 1811 περικαιόμενος
908 1756 1038 1797 semel
1068 1757 1260 1796 laudatur
1290 1757 1340 1796 ab
1373 1758 1511 1810 Hesy-

39 1834 130 1879 chio
158 1852 191 1879 s.
221 1834 275 1877 οὐ
301 1832 422 1890 μάλα
450 1830 617 1885 κικκάς,
660 1836 753 1877 loco
785 1836 1123 1889 corruptissimo,
1164 1836 1239 1875 sed
1277 1837 1335 1876 ita
1373 1841 1512 1876 tamen

41 1915 298 1970 comparato,
327 1920 374 1956 ut
402 1916 664 1968 Epicratem,
695 1916 748 1955 de
778 1929 859 1968 quo
889 1929 1014 1968 supra
1044 1930 1086 1968 p.
1119 1916 1202 1955 182
1219 1928 1306 1967 sqq.
1339 1916 1514 1968 egimus,

0 2043 1 2047 Ἰ
41 1995 85 2036 in
115 2008 164 2035 eo
195 1995 508 2035 commemorari
528 2003 736 2047 appareat.
766 1997 971 2048 Zopyrus,
1003 2008 1124 2048 quem
1147 1994 1226 2034 hac
1253 1994 1393 2034 fabula
1422 1995 1517 2034 irri-

40 2083 134 2115 tum
165 2088 258 2114 esse
288 2075 494 2114 coniicere
523 2074 643 2122 licet,
671 2073 850 2114 fortasse
881 2088 963 2115 non
995 2074 1182 2114 diversus
1211 2073 1423 2126 putandus
1455 2078 1520 2113 est

0 2139 4 2229 ι
46 2165 72 2192 ι
99 2154 266 2204 Zopyro
296 2153 520 2192 Alcibiadis
552 2153 807 2205 paedagogo,
839 2153 892 2192 de
921 2166 1002 2204 quo
1034 2152 1109 2191 cfr.
1138 2152 1355 2191 Platonem
1386 2152 1518 2191 Alcib.

0 2232 2 2236 ’
52 2231 71 2270 1
99 2244 142 2283 p.
160 2231 244 2269 222
261 2232 309 2270 Β.
326 2230 595 2270 Plutarchum
612 2232 743 2270 Alcib.
770 2245 858 2283 cap.
874 2232 895 2269 1
925 2235 967 2270 et
982 2231 1241 2270 Clementem
1259 2230 1375 2269 Alex.
1392 2229 1519 2270 Paed.

0 2238 6 2381 ξ
53 2322 95 2362 p.
126 2309 208 2347 130
244 2309 355 2349 Pott.
420 2311 675 2360 Quamquam
722 2322 815 2348 cum
855 2310 973 2348 Plato
1012 2310 1223 2360 Zopyrum
1268 2308 1347 2347 iam
1386 2312 1522 2348 aetate

2 2391 7 2459 ’ξ
56 2386 359 2439 provectiorem
390 2388 591 2427 Alcibiadi
622 2389 835 2428 custodem
866 2387 1098 2440 appositum
1133 2399 1225 2425 esse
1257 2388 1385 2436 dicat,
1418 2392 1522 2427 tem-

4 2478 10 2519 3
57 2477 204 2518 porum
241 2466 467 2505 rationibus
502 2466 631 2517 magis
671 2467 979 2505 accommodate
1017 2465 1190 2513 feceris,
1230 2465 1277 2504 si·
1294 2466 1412 2505 illum
1440 2467 1524 2507 Zo—

5 2539 12 2610 3.
59 2556 207 2597 pyrum
247 2543 473 2596 intelligas,
512 2543 629 2584 cuius
660 2544 825 2584 nomine
855 2544 1119 2583 Phaedonem
1152 2544 1407 2583 Socraticum
1439 2545 1526 2583 dia-

59 2623 202 2675 logum
239 2622 494 2674 inscripsisse
534 2629 694 2664 constat
736 2637 760 2662 e
791 2624 1064 2664 Grammatico
1104 2625 1277 2675 Seguer.
1316 2637 1356 2674 p.
1391 2623 1472 2660 107
1502 2622 1529 2661 3

7 2698 11 2704 ’
64 2706 108 2742 et
147 2701 323 2740 Theone
362 2700 581 2752 Progymn.
619 2702 660 2741 in
692 2702 839 2743 Walzii
869 2702 994 2742 Rhet.
1028 2702 1044 2741 1
1081 2716 1122 2754 p.
1154 2703 1236 2741 177
1267 2702 1439 2751 aliisque
1469 2701 1529 2739 lo-

120 2787 209 2823 nist.
234 2788 308 2822 crit.
334 2788 433 2822 Com.
459 2799 571 2830 μεως.
1198 2779 1251 2816 15
