1702 3190
521 140 722 171 anis-rias.
781 137 994 168 enemim.
1410 119 1496 161 5⁰5

27 251 117 294 lteri
144 262 250 303 quae
277 246 434 288 fuerint
470 245 712 297 argumenta
759 240 923 289 nescio;
960 242 1004 279 at
1038 235 1254 292 probabile
1291 239 1356 276 est
1401 245 1505 282 eum,

28 343 110 372 non
146 329 249 370 nihil
287 326 482 368 tribuisse
518 323 691 364 Aeliano
719 321 776 362 H.
803 320 854 361 A.
884 317 944 361 Vl
981 317 1061 358 51:
1103 312 1147 355 τί
1183 303 1262 355 οὖν
1297 309 1377 367 ἐγώ
1419 302 1502 354 τοῦ

28 402 185 463 μύθου
214 400 419 456 ποιητὴςς
454 397 554 442 ἀλλ’
586 396 666 442 οὐκ
693 394 750 439 ἂν
783 395 967 451 εἴποιμι.
1023 392 1118 434 ἐπεὶ
1155 395 1232 435 καὶ
1269 391 1356 449 πρὸ
1391 391 1501 448 ἐμοῦ

28 484 262 543 Σοφοκλῆς
292 481 316 526 ὁ
346 482 423 534 τῆς
449 477 696 537 τραγῳδίας
723 472 932 528 ποιητής,
968 474 1044 516 καὶ
1074 469 1328 529 Δεινόλοχος
1364 470 1390 515 ὁ
1420 469 1501 515 ἁν-Γ

28 561 303 620 ταγωνιστὴς
335 558 610 618 Ἐπιχάρμου
644 558 721 600 καὶ
747 554 927 611 Ἴβυκος
963 549 988 595 ὁ
1020 549 1228 607 (Ρηγῖνος
1257 553 1334 594 καὶ
1368 549 1501 609 Ἀρι-

33 643 160 694 στίας
188 644 263 686 καὶ
287 636 634 695 Ἀπολλοφάνης
662 636 846 687 ποιηταὶ
874 631 1108 693 κωμῳδίας
1138 629 1327 690 ᾄδουσιν
1349 629 1500 676 αὐτόν.

35 727 193 780 Quibus
221 738 247 765 e
275 724 410 764 verbis
440 722 587 762 eodem
616 720 708 760 iure
738 718 907 770 Ibycum
940 715 1107 756 comicis
1135 715 1273 768 poetis
1302 714 1504 754 adnume-

31 818 116 845 res.
154 804 200 843 Iu
231 801 434 842 eiusmodi
461 801 589 840 rebus
618 797 753 838 minus
782 801 998 838 accuratus
1027 801 1092 837 est
1120 799 1266 836 auctor
1293 793 1505 845 Aelianus,

32 884 112 926 nisi
140 883 177 923 is
206 880 372 934 scripsit
399 880 482 919 hoc
510 880 604 919 loco
633 872 834 927 ποιητής.
869 879 913 930 ⁸)

147 961 393 1003 Accedimus
429 959 482 998 ad
526 958 838 1007 Carcinum‚
883 969 1007 1009 quem
1054 953 1125 1008 qui
1161 948 1337 995 comicis
1368 953 1509 1007 poetis

0 1062 2 1082 ι
35 1043 347 1089 accensuerunt,
378 1038 494 1087 nihil,
523 1039 685 1091 opinor,
714 1049 796 1090 quo
827 1036 1007 1088 aliquam
1030 1035 1264 1075 sententiae
1280 1047 1379 1074 suae
1410 1046 1507 1087 spe-

0 1152 1 1165 ÷
40 1125 149 1164 ciem
180 1121 459 1169 conciliarent,
489 1118 725 1158 habuerunt
753 1116 833 1157 nisi
861 1119 1116 1168 corruptum,
1145 1117 1192 1154 ut
1221 1114 1324 1154 mihi
1342 1113 1510 1167 quidem

38 1203 222 1250 videtur,
259 1199 399 1239 locum
435 1198 632 1251 Diogenis
663 1197 834 1237 Laertii.
893 1196 978 1236 Sed
1013 1209 1082 1236 res
1121 1194 1261 1249 paullo
1292 1194 1414 1234 altius
1442 1205 1511 1232 re-

0 1307 3 1324 ι
39 1281 222 1336 petenda
260 1282 338 1320 est.
421 1278 569 1319 Suidas
607 1277 735 1331 igitur
771 1275 853 1316 vol.
893 1276 935 1316 11
971 1289 1013 1329 p.
1043 1275 1131 1316 245
1172 1275 1277 1315 duos
1315 1273 1514 1326 deinceps

0 1375 2 1420 g
38 1362 334 1404 commemorat
362 1357 581 1406 Carcinos,
619 1360 843 1407 utrumque
873 1361 1039 1408 poetam
1069 1355 1295 1408 tragicum,
1333 1352 1514 1393 alterum

0 1449 2 1497 ζ
37 1440 368 1494 Agrigentinum,
396 1437 696 1478 Atheniensem
726 1436 917 1476 alterum.
967 1435 1264 1489 Agrigentinus
1294 1444 1376 1485 quo
1406 1436 1515 1472 tem-

0 1506 2 1520 *
40 1525 146 1573 pore
173 1517 321 1558 vixerit
358 1528 442 1555 non
473 1515 637 1563 docuit3
674 1514 975 1555 Atheniensem
1014 1518 1177 1564 autem,
1215 1525 1340 1565 quem
1371 1511 1517 1552 Theo-

44 1598 190 1638 dectae
219 1594 496 1636 velXenoclis
526 1594 660 1634 filium
686 1593 818 1635 fuisse
848 1594 962 1644 dicit,
992 1594 1186 1634 floruisse
1216 1593 1341 1632 tradit
1371 1591 1518 1645 Olym-

42 1676 166 1731 piade
195 1675 432 1724 centesima,
461 1678 557 1714 ante
585 1686 762 1728 regnum
794 1674 977 1727 Philippi
1006 1674 1264 1722 Macedonis,
1293 1666 1408 1710 κατὰ
1435 1665 1522 1719 τὴν

45 1749 285 1803 ἑκατοστὴν
322 1747 610 1806 Ὀλυμπιάδα,
642 1752 728 1809 πρὸ
767 1752 845 1805 τῆς
895 1751 976 1794 τοῦ
1020 1748 1252 1793 Φιλίππου
1288 1745 1521 1804 βασιλείας

45 1829 127 1876 τοῦ
155 1827 430 1880 Μακεδόνος.
488 1833 555 1874 Ab
581 1835 643 1875 his
674 1837 843 1876 tertium
873 1834 1088 1887 distinguit
1120 1833 1363 1881 Carcinum,
1394 1844 1520 1884 quem

1 1965 6 1996 5
38 1914 290 1967 simpliciter
324 1918 445 1954 vocat
480 1910 670 1964 ποιητὴν
705 1909 931 1955 Ἀττικόν.
999 1915 1062 1954 De
1099 1912 1372 1967 Agrigentino
1412 1911 1521 1951 fides

0 1997 6 2074 Y
47 1998 138 2035 esto
167 2006 296 2047 penes
309 1992 499 2043 Suidam3
531 1998 646 2035 certe
674 2008 879 2049 nusquam
908 1999 1126 2049 praeterea
1157 1995 1520 2032 commemoratur.

2 2083 11 2135 J
46 2072 112 2114 De
141 2072 301 2113 duobus
328 2073 502 2125 reliquis
530 2075 592 2115 sic
619 2075 896 2124 statuendum,
926 2078 974 2114 ut
1001 2074 1038 2113 is
1068 2085 1191 2126 quem
1207 2072 1390 2113 Atticum
1420 2082 1523 2123 poe-

2 2137 11 2198 ,ἶ
51 2155 138 2191 tam
167 2154 285 2191 vocat
307 2164 390 2191 non
428 2153 616 2192 diversus
651 2153 781 2194 fuisse
813 2153 1073 2193 existimetur
1110 2152 1161 2191 ab
1191 2164 1242 2190 eo
1273 2162 1397 2201 quem
1427 2161 1523 2190 cum

5 2229 11 2271 f
52 2231 189 2284 ipsum
218 2234 305 2269 tum
332 2229 442 2271 filios
472 2232 583 2280 eius,
622 2235 746 2284 atque
785 2233 828 2272 iu
857 2231 922 2272 his
954 2231 1130 2271 maxime
1160 2229 1393 2269 Philoclem
1423 2241 1526 2281 poe-

6 2323 10 2355 ς
54 2314 139 2349 tam
167 2309 390 2362 tragicum,
420 2311 565 2351 multis
594 2312 726 2352 modis
755 2315 955 2352 vexarunt
983 2314 1134 2364 poetae
1164 2309 1334 2358 comici,
1365 2308 1527 2348 Phere-

7 2379 13 2428 ἒ
55 2392 214 2437 crates,
257 2388 574 2442 Aristophanes,
619 2391 755 2432 Plato.
831 2392 956 2432 Hunc
997 2389 1197 2441 Thorycii
1236 2382 1528 2440 (Θωρυκίου)

58 2469 190 2509 filium
229 2467 357 2508 fuisse
394 2470 519 2510 tradit
559 2471 790 2512 Scholiasta
831 2470 1045 2524 Aristoph.
1092 2469 1218 2521 Vesp.
1250 2467 1374 2508 1500.
1443 2467 1530 2507 Sed

9 2586 11 2589 .
62 2547 117 2588 de
143 2547 224 2589 hoc
252 2553 397 2602 postea
426 2551 673 2594 videbimus.
740 2550 932 2593 Eundem
972 2553 1145 2604 propter
1176 2547 1366 2588 eximiam
1394 2545 1527 2586 sceni-

124 2709 166 2758 ⁸’)
198 2707 359 2749 llorum
388 2721 531 2762 parum
561 2723 718 2753 memor
749 2710 828 2752 fuit
857 2709 1088 2753 Friebelius
1120 2709 1147 2749 l.
1178 2709 1204 2749 1.
1236 2722 1277 2761 p.
1309 2707 1379 2748 60.
