1702 3190
691 135 880 165 aurous.
1430 123 1515 165 185

44 235 389 291 flagitiosissimae
418 234 527 276 vitae
556 235 814 290 turpitudine
843 235 983 278 mirari
1014 235 1182 286 ficeret,
1221 237 1301 278 nisi
1337 250 1513 291 corpore

44 329 165 360 usum
201 330 294 358 esse
330 315 528 356 sciremus
565 316 736 358 robusto
786 318 830 356 et
869 314 922 355 ad
957 316 1095 354 omnia
1133 315 1308 357 ferenda
1345 317 1511 360 idoneo.

0 450 2 459 ‚
46 397 133 440 cfr.
162 394 396 449 Xenophon
427 395 557 437 ConV.
587 395 688 438 VIII
716 395 789 436 40.
853 394 1006 437 Mortis
1042 394 1244 435 rationem
1281 407 1388 437 unus
1428 399 1513 437 tra-

0 460 3 515 {
45 475 150 518 didit
176 475 371 517 Aelianus
402 475 451 516 V.
475 474 530 515 H.
548 473 608 516 IV
638 475 709 523 23,
739 474 856 514 cuius
887 476 1026 517 tamen
1056 474 1235 518 narratio
1264 488 1412 528 pamm
1436 475 1512 516 ha-

0 552 1 559 *
44 556 117 597 bet
144 555 198 596 ad
224 555 533 607 persuasionem
562 552 874 605 probabilitatis.

152 635 292 675 Huius
321 633 448 685 igitur
477 630 632 672 Calliae
659 630 866 671 luxuriem
897 635 940 671 et
969 630 1255 674 adsentatores
1291 630 1510 684 impuden-

40 712 220 754 tissimos
231 710 405 763 Eupolis
422 709 502 750 hac
529 710 573 750 in
601 709 744 751 fabula
769 711 1036 764 exagitandos
1055 710 1133 749 sibi
1153 714 1399 763 sumpserat,
1430 721 1510 761 qua

37 790 82 835 in
113 802 162 831 re
196 790 256 830 ita
289 792 477 830 versatus
522 792 586 830 est
628 793 677 830 ut
718 789 833 831 nulla
868 790 961 831 fere
999 791 1090 832 eius
1129 789 1271 830 fabula
1308 792 1510 830 maiorem

35 869 203 911 laudem
232 868 287 908 sit
314 871 551 910 consecuta.
615 868 680 910 De
716 873 908 924 tempore
938 883 1019 922 quo
1052 883 1141 910 eam
1174 869 1315 909 docuit
1344 882 1511 908 omnem

37 948 335 992 dubitationem
385 947 528 989 eximit
581 952 728 989 auctor
781 948 1032 990 didascaliae
1073 949 1364 1001 Aristophanis
1410 948 1508 987 Paci

21 1029 262 1082 praefixae:
298 1022 471 1077 ἐνίκησε
511 1024 560 1067 δὲ
595 1025 658 1085 τῷ
694 1022 888 1082 δράματι
926 1023 951 1068 ὁ
980 1022 1166 1077 ποιητὴς
1193 1024 1267 1067 ἐπὶ
1298 1022 1508 1081 ἄρχοντος

29 1101 274 1158 'Ahalam
314 1102 362 1144 ἐν
404 1100 542 1147 ἄστει.
611 1104 782 1160 πρῶτος
824 1101 1020 1155 Εὔπολις
1065 1101 1260 1157 Κόλαξί,
1306 1101 1506 1160 δεύτερος

31 1177 364 1239 Ἀριστοφάνης
391 1177 572 1241 Εἰρήνῃ,
603 1180 749 1239 τρίτος
774 1182 956 1226 Λεύκων
989 1180 1231 1241 Φράτορσι.
1291 1187 1510 1227 consentit

32 1264 276 1307 Athenaeus
306 1264 343 1306 V
392 1277 435 1318 p.
465 1265 589 1304 218c
625 1264 908 1317 Hipponicum
947 1266 1101 1305 obiisse
1139 1265 1283 1305 dicens
1313 1261 1398 1319 πρὸ
1430 1262 1507 1314 τῆς

31 1337 95 1386 ’ἐπ’
134 1336 353 1382 Ἀλκαίου
389 1338 682 1390 διδασκαλίας
710 1341 798 1383 τῶν
828 1339 1076 1391 Εὐπόλιδος
1108 1338 1337 1383 Κολάκων.
1402 1346 1508 1385 Act-a

16 1422 158 1476 ‘igitur
186 1422 350 1474 Olymp.
381 1423 596 1464 LXXXIX
623 1424 652 1464 3
679 1423 941 1465 Liberalibus
971 1424 1152 1473 urbanis,
1196 1423 1359 1467 duobus
1389 1425 1506 1464 annis

16 1505 127 1556 „post
154 1501 377 1554 Hipponici
408 1502 579 1543 obitum.
645 1504 898 1556 Asperrimis
934 1508 1073 1543 autem
1105 1503 1300 1543 conviciis
1331 1503 1504 1543 Calliam

31 1593 59 1624 ι
82 1584 206 1634 poeta
236 1582 483 1633 exagitatum
504 1594 609 1631 esse,
640 1586 728 1622 tum
757 1594 836 1634 per
864 1595 910 1623 se
929 1583 1145 1635 probabile
1177 1587 1254 1631 est,
1284 1587 1373 1623 tum
1403 1596 1502 1622 vero

32 1673 83 1702 ex
108 1660 353 1713 fragmentis
381 1661 642 1715 intelligitur.
700 1661 806 1702 Nam
837 1661 948 1713 quod
976 1662 1218 1702 Athenaeus
1239 1663 1298 1702 XI
1328 1676 1369 1714 p.
1386 1660 1509 1701 5061*

31 1739 151 1790 dicit,
187 1741 351 1793 gravius
381 1741 504 1781 etiam
541 1753 664 1793 quam
701 1740 751 1781 ab
789 1741 997 1793 Eupolide
1035 1740 1192 1781 factum
1231 1743 1285 1780 sit
1329 1741 1503 1781 Calliam

29 1822 192 1861 notasse
208 1820 424 1860 Platonem
452 1820 494 1860 in
511 1820 753 1872 Protagora,
770 1820 814 1859 id
837 1820 905 1871 qui
926 1820 1194 1872 Protagoram
1210 1820 1360 1873 legerit
1378 1832 1500 1858 nemo

30 1898 152 1940 heile
178 1899 393 1940 concedet.
451 1899 680 1940 Scholiasta
710 1899 922 1950 Aristoph.
955 1900 1030 1939 Av.
1061 1900 1147 1939 284
1181 1893 1204 1938 ὁ
1240 1893 1503 1938 Ἱππονίκου

11 1973 231 2026 ΑΩτλλίας
257 1971 399 2017 ἐδόκει
426 1973 482 2017 τὰ
512 1975 697 2033 πατρῷα
722 1974 1034 2029 διεσπαρκέναι
1062 1971 1123 2025 εἰς
1152 1972 1405 2031 ἀσέλγειαν,
1442 1973 1501 2025 ὠς

9 2053 223 2111 ληφθεὶς
250 2052 464 2110 μοιχεύων
491 2056 568 2097 καὶ
597 2052 817 2104 ἀποτίσας
851 2052 1075 2111 χρήματα.
1130 2051 1410 2113 κεκωμῴδηκε
1451 2054 1499 2096 δὲ

6 2131 171 2176 ·αὐτὸν
200 2134 359 2184 ἱκαναῖς
385 2131 580 2184 Εὔπολις
609 2134 655 2176 ἐν
684 2138 775 2184 τοῖς
805 2131 1015 2185 Κόλαξιν.
1071 2138 1138 2178 Ad
1168 2138 1342 2177 eandem
1377 2136 1499 2175 fabu-

23 2215 109 2256 ‘lam
138 2219 326 2268 spectant
353 2215 461 2255 haec
489 2216 734 2256 Philostrati
773 2215 825 2256 V.
855 2214 984 2266 Soph.
1017 2214 1056 2253 ΙΙ
1087 2215 1142 2254 25
1180 2217 1498 2257 Hermocratem

28 2293 200 2333 «licentis
231 2306 334 2346 opes
368 2295 671 2347 consumpsisse
706 2286 768 2341 εἷς
798 2287 990 2346 ἄκρατον
1018 2293 1095 2331 καὶ
1124 2290 1344 2349 ἑταίρους,
1375 2287 1496 2342 οἵους

29 2370 271 2425 παρασχεῖν
297 2369 374 2410 καὶ
401 2369 611 2428 κωμῳδία
639 2368 794 2425 λόγον,
831 2363 937 2428 οἷονι
957 2369 1177 2426 παρέσχον
1216 2371 1258 2412 οἱ
1288 2368 1496 2412 Καλλίαν

31 2450 134 2490 ποτὲ
163 2446 242 2489 τὸν
272 2444 530 2490 Ἱππονίκου
558 2445 925 2501 κολακεύσαντες,
956 2452 1007 2491 ad
1036 2465 1160 2503 quem
1188 2453 1327 2493 locum
1357 2454 1494 2494 diver-

29 2540 99 2569 sos
127 2528 278 2569 Callias
307 2529 628 2571 confundentem
659 2531 871 2572 Olearium
913 2531 1070 2570 notavit
1105 2532 1187 2571 iam
1216 2533 1492 2573 Hemsterhu-

28 2607 114 2648 nius
151 2607 204 2648 ad
242 2608 467 2650 Lucianum
501 2610 585 2651 vol.
616 2610 635 2651 1
677 2623 719 2664 p.
750 2610 847 2660 121,
890 2610 961 2651 ubi
1008 2610 1061 2650 de
1097 2612 1316 2664 Eupolidis
1352 2612 1492 2651 fabula

29 2687 188 2728 rectius
220 2689 364 2728 statuit
385 2702 433 2728 ac
460 2688 617 2730 fecerat
648 2690 700 2730 ad
733 2690 891 2733 Polluc.
920 2690 1000 2732 vol.
1033 2690 1073 2732 11
1101 2704 1142 2745 p.
1160 2691 1283 2731 1151.
1342 2691 1492 2731 Extre-
