<?xml version="1.0" encoding="UTF-8"?>
<!DOCTYPE html PUBLIC "-//W3C//DTD XHTML 1.0 Transitional//EN"
    "http://www.w3.org/TR/xhtml1/DTD/xhtml1-transitional.dtd">
<html xmlns="http://www.w3.org/1999/xhtml" xml:lang="en" lang="en">
 <head>
  <title>
</title>
<meta http-equiv="Content-Type" content="text/html;charset=utf-8" />
  <meta name='ocr-system' content='tesseract 3.04.00' />
  <meta name='ocr-capabilities' content='ocr_page ocr_carea ocr_par ocr_line ocrx_word'/>
</head>
<body>
  <div class='ocr_page' id='page_1' title='image "./fragmentacomicor01meinuoft_0338.png"; bbox 0 0 1702 3190; ppageno 0'>
   <div class='ocr_carea' id='block_1_1' title="bbox 218 177 1093 218">
    <p class='ocr_par' dir='ltr' id='par_1_1' title="bbox 218 177 1093 218">
     <span class='ocr_line' id='line_1_1' title="bbox 218 177 1093 218; baseline -0.001 0"><span class='ocrx_word' id='word_1_1' title='bbox 218 177 304 218; x_wconf 71' lang='lat'><strong>816</strong></span> <span class='ocrx_word' id='word_1_2' title='bbox 821 185 1093 218; x_wconf 66' lang='lat' dir='ltr'><strong>aurii-nanas.</strong></span> 
     </span>
    </p>
   </div>
   <div class='ocr_carea' id='block_1_2' title="bbox 210 286 1702 2746">
    <p class='ocr_par' dir='ltr' id='par_1_2' title="bbox 210 286 1702 2587">
     <span class='ocr_line' id='line_1_2' title="bbox 217 286 1670 341; baseline 0.002 -13"><span class='ocrx_word' id='word_1_3' title='bbox 217 287 315 338; x_wconf 81' lang='lat' dir='ltr'><strong>tur)</strong></span> <span class='ocrx_word' id='word_1_4' title='bbox 354 287 651 334; x_wconf 71' lang='lat' dir='ltr'><strong>convenerunt,</strong></span> <span class='ocrx_word' id='word_1_5' title='bbox 689 296 770 326; x_wconf 84' lang='lat' dir='ltr'><strong>non</strong></span> <span class='ocrx_word' id='word_1_6' title='bbox 805 297 886 338; x_wconf 71' lang='lat' dir='ltr'><strong>quo</strong></span> <span class='ocrx_word' id='word_1_7' title='bbox 921 286 999 339; x_wconf 87' lang='lat' dir='ltr'><strong>ipsi</strong></span> <span class='ocrx_word' id='word_1_8' title='bbox 1035 299 1179 340; x_wconf 85' lang='lat' dir='ltr'><strong>aprum</strong></span> <span class='ocrx_word' id='word_1_9' title='bbox 1207 287 1475 341; x_wconf 71' lang='lat' dir='ltr'><strong>Calydonium</strong></span> <span class='ocrx_word' id='word_1_10' title='bbox 1501 289 1670 332; x_wconf 54' lang='lat' dir='ltr'><strong>intera-1</strong></span> 
     </span>
     <span class='ocr_line' id='line_1_3' title="bbox 221 362 1670 415; baseline 0.003 -11"><span class='ocrx_word' id='word_1_11' title='bbox 221 364 350 413; x_wconf 84' lang='lat' dir='ltr'><strong>ciant,</strong></span> <span class='ocrx_word' id='word_1_12' title='bbox 378 362 454 402; x_wconf 82' lang='lat' dir='ltr'>sed</span> <span class='ocrx_word' id='word_1_13' title='bbox 480 366 528 403; x_wconf 88' lang='lat' dir='ltr'><strong>ut</strong></span> <span class='ocrx_word' id='word_1_14' title='bbox 554 362 756 415; x_wconf 81' lang='lat' dir='ltr'>Meleagri</span> <span class='ocrx_word' id='word_1_15' title='bbox 782 363 972 404; x_wconf 84' lang='lat' dir='ltr'><strong>virtutem</strong></span> <span class='ocrx_word' id='word_1_16' title='bbox 1001 364 1166 406; x_wconf 84' lang='lat' dir='ltr'><strong>Graecis</strong></span> <span class='ocrx_word' id='word_1_17' title='bbox 1192 366 1475 408; x_wconf 71' lang='lat' dir='ltr'><strong>testificentur.</strong></span> <span class='ocrx_word' id='word_1_18' title='bbox 1531 368 1670 409; x_wconf 83' lang='lat' dir='ltr'><strong>Vides·</strong></span> 
     </span>
     <span class='ocr_line' id='line_1_4' title="bbox 221 439 1659 497; baseline 0.003 -16"><span class='ocrx_word' id='word_1_19' title='bbox 221 439 415 481; x_wconf 82' lang='lat' dir='ltr'><strong>orationis</strong></span> <span class='ocrx_word' id='word_1_20' title='bbox 461 444 503 480; x_wconf 81' lang='lat' dir='ltr'><strong>et</strong></span> <span class='ocrx_word' id='word_1_21' title='bbox 538 441 764 480; x_wconf 83' lang='lat' dir='ltr'><strong>sententiae</strong></span> <span class='ocrx_word' id='word_1_22' title='bbox 799 439 978 481; x_wconf 88' lang='lat' dir='ltr'><strong>colorem</strong></span> <span class='ocrx_word' id='word_1_23' title='bbox 1031 454 1123 482; x_wconf 82' lang='lat' dir='ltr'>esse</span> <span class='ocrx_word' id='word_1_24' title='bbox 1162 455 1276 493; x_wconf 90' lang='lat' dir='ltr'><strong>eum,</strong></span> <span class='ocrx_word' id='word_1_25' title='bbox 1319 449 1365 485; x_wconf 89' lang='lat' dir='ltr'><strong>ut</strong></span> <span class='ocrx_word' id='word_1_26' title='bbox 1400 445 1659 497; x_wconf 84' lang='lat' dir='ltr'>Meleagrum</span> 
     </span>
     <span class='ocr_line' id='line_1_5' title="bbox 219 518 1659 571; baseline 0.003 -13"><span class='ocrx_word' id='word_1_27' title='bbox 219 518 472 571; x_wconf 84' lang='lat' dir='ltr'><strong>tragoediam</strong></span> <span class='ocrx_word' id='word_1_28' title='bbox 509 518 637 558; x_wconf 76' lang='lat' dir='ltr'><strong>fuisse</strong></span> <span class='ocrx_word' id='word_1_29' title='bbox 674 521 881 570; x_wconf 80' lang='lat' dir='ltr'><strong>appareat.</strong></span> <span class='ocrx_word' id='word_1_30' title='bbox 948 518 1055 570; x_wconf 81' lang='lat' dir='ltr'><strong>Quid</strong></span> <span class='ocrx_word' id='word_1_31' title='bbox 1090 519 1215 571; x_wconf 83' lang='lat' dir='ltr'><strong>igitur</strong></span> <span class='ocrx_word' id='word_1_32' title='bbox 1242 521 1401 561; x_wconf 85' lang='lat' dir='ltr'>Polluci</span> <span class='ocrx_word' id='word_1_33' title='bbox 1429 522 1659 562; x_wconf 83' lang='lat' dir='ltr'><strong>faciendum</strong></span> 
     </span>
     <span class='ocr_line' id='line_1_6' title="bbox 219 593 1659 652; baseline 0 -15"><span class='ocrx_word' id='word_1_34' title='bbox 219 597 478 648; x_wconf 80' lang='lat' dir='ltr'>Meleagrum</span> <span class='ocrx_word' id='word_1_35' title='bbox 515 599 704 648; x_wconf 84' lang='lat' dir='ltr'><strong>tanquam</strong></span> <span class='ocrx_word' id='word_1_36' title='bbox 739 594 982 647; x_wconf 88' lang='lat' dir='ltr'><strong>Antiphanis</strong></span> <span class='ocrx_word' id='word_1_37' title='bbox 1018 595 1199 637; x_wconf 88' lang='lat' dir='ltr'><strong>fabulam</strong></span> <span class='ocrx_word' id='word_1_38' title='bbox 1231 598 1434 638; x_wconf 81' lang='lat' dir='ltr'><strong>laudanti:</strong></span> <span class='ocrx_word' id='word_1_39' title='bbox 1468 597 1543 637; x_wconf 85' lang='grc' dir='ltr'><strong>καὶ</strong></span> <span class='ocrx_word' id='word_1_40' title='bbox 1578 593 1659 652; x_wconf 75' lang='grc' dir='ltr'><strong>γὰρ</strong></span> 
     </span>
     <span class='ocr_line' id='line_1_7' title="bbox 219 665 1660 730; baseline 0.003 -19"><span class='ocrx_word' id='word_1_41' title='bbox 219 672 296 719; x_wconf 73' lang='grc' dir='ltr'><strong>καὶ</strong></span> <span class='ocrx_word' id='word_1_42' title='bbox 322 670 451 713; x_wconf 82' lang='grc' dir='ltr'><em>τοῦτο</em></span> <span class='ocrx_word' id='word_1_43' title='bbox 480 667 806 724; x_wconf 82' lang='grc' dir='ltr'>(ἀσκοπυτίνη)</span> <span class='ocrx_word' id='word_1_44' title='bbox 838 666 896 711; x_wconf 78' lang='grc' dir='ltr'><strong>ἄν</strong></span> <span class='ocrx_word' id='word_1_45' title='bbox 924 681 990 720; x_wconf 84' lang='grc' dir='ltr'><strong>τις</strong></span> <span class='ocrx_word' id='word_1_46' title='bbox 1015 665 1133 728; x_wconf 66' lang='grc' dir='ltr'><em>εὕροι</em></span> <span class='ocrx_word' id='word_1_47' title='bbox 1160 672 1207 714; x_wconf 82' lang='grc' dir='ltr'><strong>ἐν</strong></span> <span class='ocrx_word' id='word_1_48' title='bbox 1226 669 1533 730; x_wconf 60' lang='grc' dir='ltr'><strong>Ἀντιφῶντος</strong></span> <span class='ocrx_word' id='word_1_49' title='bbox 1562 674 1660 716; x_wconf 81' lang='grc' dir='ltr'><strong>Με-</strong></span> 
     </span>
     <span class='ocr_line' id='line_1_8' title="bbox 220 748 383 806; baseline 0.012 -2"><span class='ocrx_word' id='word_1_50' title='bbox 220 748 383 806; x_wconf 54' lang='lat' dir='ltr'><strong>Myos&gt;</strong></span> 
     </span>
     <span class='ocr_line' id='line_1_9' title="bbox 855 823 1275 878; baseline 0.005 -11"><span class='ocrx_word' id='word_1_51' title='bbox 855 823 1150 878; x_wconf 82' lang='grc' dir='ltr'><em>ἀσκοπυτίνην</em></span> <span class='ocrx_word' id='word_1_52' title='bbox 1175 841 1275 869; x_wconf 77' lang='grc' dir='ltr'><em>τινα</em></span> 
     </span>
     <span class='ocr_line' id='line_1_10' title="bbox 550 898 920 958; baseline 0.011 -17"><span class='ocrx_word' id='word_1_53' title='bbox 550 898 710 955; x_wconf 80' lang='grc' dir='ltr'><strong><em>δίψους</em></strong></span> <span class='ocrx_word' id='word_1_54' title='bbox 737 899 920 958; x_wconf 78' lang='grc' dir='ltr'><em>ἀρωγόν.</em></span> 
     </span>
     <span class='ocr_line' id='line_1_11' title="bbox 218 982 1667 1038; baseline -0.001 -15"><span class='ocrx_word' id='word_1_55' title='bbox 218 986 284 1027; x_wconf 78' lang='lat' dir='ltr'><strong>An</strong></span> <span class='ocrx_word' id='word_1_56' title='bbox 312 983 382 1024; x_wconf 87' lang='lat' dir='ltr'><strong>hic</strong></span> <span class='ocrx_word' id='word_1_57' title='bbox 410 982 531 1024; x_wconf 88' lang='lat' dir='ltr'><strong>etiam</strong></span> <span class='ocrx_word' id='word_1_58' title='bbox 559 982 822 1035; x_wconf 82' lang='lat' dir='ltr'><strong>Antiphontis</strong></span> <span class='ocrx_word' id='word_1_59' title='bbox 857 996 1006 1023; x_wconf 88' lang='lat' dir='ltr'><strong>nomen</strong></span> <span class='ocrx_word' id='word_1_60' title='bbox 1034 983 1324 1025; x_wconf 84' lang='lat' dir='ltr'><strong>Ruhnkenium</strong></span> <span class='ocrx_word' id='word_1_61' title='bbox 1351 986 1512 1037; x_wconf 85' lang='lat' dir='ltr'><strong>sequuti</strong></span> <span class='ocrx_word' id='word_1_62' title='bbox 1539 997 1667 1038; x_wconf 61' lang='lat' dir='ltr'><strong>repo-</strong></span> 
     </span>
     <span class='ocr_line' id='line_1_12' title="bbox 217 1057 1661 1114; baseline 0 -12"><span class='ocrx_word' id='word_1_63' title='bbox 217 1062 391 1103; x_wconf 75' lang='lat' dir='ltr'><strong>nemus?</strong></span> <span class='ocrx_word' id='word_1_64' title='bbox 446 1061 539 1101; x_wconf 67' lang='lat' dir='ltr'><strong>Non</strong></span> <span class='ocrx_word' id='word_1_65' title='bbox 567 1063 689 1111; x_wconf 83' lang='lat' dir='ltr'><strong>puto:</strong></span> <span class='ocrx_word' id='word_1_66' title='bbox 725 1062 966 1102; x_wconf 88' lang='lat' dir='ltr'><strong>vocabulum</strong></span> <span class='ocrx_word' id='word_1_67' title='bbox 992 1057 1259 1111; x_wconf 81' lang='grc' dir='ltr'><em>ἀσκοπυτίνη</em></span> <span class='ocrx_word' id='word_1_68' title='bbox 1287 1075 1340 1102; x_wconf 86' lang='lat' dir='ltr'><strong>ne</strong></span> <span class='ocrx_word' id='word_1_69' title='bbox 1376 1063 1458 1102; x_wconf 84' lang='lat' dir='ltr'><strong>illis</strong></span> <span class='ocrx_word' id='word_1_70' title='bbox 1497 1063 1661 1114; x_wconf 86' lang='lat' dir='ltr'><strong>quidem</strong></span> 
     </span>
     <span class='ocr_line' id='line_1_13' title="bbox 219 1137 1661 1192; baseline 0.001 -14"><span class='ocrx_word' id='word_1_71' title='bbox 219 1139 367 1192; x_wconf 76' lang='lat' dir='ltr'><strong>quibus</strong></span> <span class='ocrx_word' id='word_1_72' title='bbox 412 1138 623 1190; x_wconf 81' lang='lat' dir='ltr'><strong>Antiphon</strong></span> <span class='ocrx_word' id='word_1_73' title='bbox 658 1137 821 1189; x_wconf 82' lang='lat' dir='ltr'><strong>scripsit</strong></span> <span class='ocrx_word' id='word_1_74' title='bbox 856 1140 1108 1190; x_wconf 82' lang='lat' dir='ltr'><strong>temporibus</strong></span> <span class='ocrx_word' id='word_1_75' title='bbox 1136 1141 1290 1192; x_wconf 83' lang='lat' dir='ltr'><strong>tragico</strong></span> <span class='ocrx_word' id='word_1_76' title='bbox 1319 1143 1465 1192; x_wconf 85' lang='lat' dir='ltr'><strong>poetae</strong></span> <span class='ocrx_word' id='word_1_77' title='bbox 1494 1152 1661 1180; x_wconf 78' lang='lat' dir='ltr'><strong>conces-</strong></span> 
     </span>
     <span class='ocr_line' id='line_1_14' title="bbox 218 1214 1702 1269; baseline 0.001 -13"><span class='ocrx_word' id='word_1_78' title='bbox 218 1228 311 1257; x_wconf 81' lang='lat' dir='ltr'><strong>sum</strong></span> <span class='ocrx_word' id='word_1_79' title='bbox 338 1215 468 1255; x_wconf 82' lang='lat' dir='ltr'><strong>fuisse</strong></span> <span class='ocrx_word' id='word_1_80' title='bbox 498 1214 756 1255; x_wconf 79' lang='lat' dir='ltr'>crediderim.</span> <span class='ocrx_word' id='word_1_81' title='bbox 813 1214 1000 1255; x_wconf 81' lang='lat' dir='ltr'><strong>Praestat</strong></span> <span class='ocrx_word' id='word_1_82' title='bbox 1028 1216 1152 1268; x_wconf 83' lang='lat' dir='ltr'><strong>igitur</strong></span> <span class='ocrx_word' id='word_1_83' title='bbox 1180 1230 1296 1257; x_wconf 87' lang='lat' dir='ltr'><strong>suum</strong></span> <span class='ocrx_word' id='word_1_84' title='bbox 1324 1218 1487 1269; x_wconf 87' lang='lat' dir='ltr'><strong>utrique</strong></span> <span class='ocrx_word' id='word_1_85' title='bbox 1503 1218 1660 1257; x_wconf 88' lang='lat' dir='ltr'><strong>Melea·</strong></span> <span class='ocrx_word' id='word_1_86' title='bbox 1699 1244 1702 1248; x_wconf 85' lang='lat'>-</span> 
     </span>
     <span class='ocr_line' id='line_1_15' title="bbox 217 1292 1661 1348; baseline 0.001 -15"><span class='ocrx_word' id='word_1_87' title='bbox 217 1306 337 1348; x_wconf 80' lang='lat' dir='ltr'><strong>grum</strong></span> <span class='ocrx_word' id='word_1_88' title='bbox 365 1293 612 1344; x_wconf 87' lang='lat' dir='ltr'><strong>relinquere.</strong></span> <span class='ocrx_word' id='word_1_89' title='bbox 670 1292 857 1331; x_wconf 88' lang='lat' dir='ltr'><strong>Tertium</strong></span> <span class='ocrx_word' id='word_1_90' title='bbox 887 1293 1037 1342; x_wconf 87' lang='lat' dir='ltr'><strong>drama,</strong></span> <span class='ocrx_word' id='word_1_91' title='bbox 1068 1293 1120 1332; x_wconf 92' lang='lat' dir='ltr'><strong>de</strong></span> <span class='ocrx_word' id='word_1_92' title='bbox 1149 1295 1457 1341; x_wconf 74' lang='lat' dir='ltr'><strong>cuiusauctore</strong></span> <span class='ocrx_word' id='word_1_93' title='bbox 1486 1295 1661 1334; x_wconf 83' lang='lat' dir='ltr'><strong>dubitari</strong></span> 
     </span>
     <span class='ocr_line' id='line_1_16' title="bbox 217 1366 1662 1425; baseline -0.001 -14"><span class='ocrx_word' id='word_1_94' title='bbox 217 1384 342 1425; x_wconf 84' lang='lat' dir='ltr'><strong>posse</strong></span> <span class='ocrx_word' id='word_1_95' title='bbox 372 1370 466 1419; x_wconf 83' lang='lat' dir='ltr'><strong>dixi,</strong></span> <span class='ocrx_word' id='word_1_96' title='bbox 499 1374 562 1410; x_wconf 87' lang='lat' dir='ltr'><strong>est</strong></span> <span class='ocrx_word' id='word_1_97' title='bbox 589 1369 791 1419; x_wconf 81' lang='lat' dir='ltr'>Medea,</span> <span class='ocrx_word' id='word_1_98' title='bbox 829 1383 852 1410; x_wconf 85' lang='lat' dir='ltr'><strong>a</strong></span> <span class='ocrx_word' id='word_1_99' title='bbox 881 1369 1051 1409; x_wconf 90' lang='lat' dir='ltr'>Polluce</span> <span class='ocrx_word' id='word_1_100' title='bbox 1087 1370 1249 1410; x_wconf 86' lang='lat' dir='ltr'><strong>laudata</strong></span> <span class='ocrx_word' id='word_1_101' title='bbox 1278 1372 1357 1413; x_wconf 87' lang='lat' dir='ltr'><strong>V11</strong></span> <span class='ocrx_word' id='word_1_102' title='bbox 1396 1373 1451 1412; x_wconf 79' lang='lat'><strong>57</strong></span> <span class='ocrx_word' id='word_1_103' title='bbox 1504 1366 1662 1411; x_wconf 76' lang='grc' dir='ltr'><em>Ἀντι-</em></span> 
     </span>
     <span class='ocr_line' id='line_1_17' title="bbox 217 1436 1661 1504; baseline 0.001 -17"><span class='ocrx_word' id='word_1_104' title='bbox 217 1444 362 1504; x_wconf 75' lang='grc' dir='ltr'><em>φάνης</em></span> <span class='ocrx_word' id='word_1_105' title='bbox 400 1444 448 1485; x_wconf 83' lang='grc' dir='ltr'><strong>δέ</strong></span> <span class='ocrx_word' id='word_1_106' title='bbox 482 1458 622 1501; x_wconf 70' lang='grc' dir='ltr'><em>φησιν</em></span> <span class='ocrx_word' id='word_1_107' title='bbox 661 1444 709 1486; x_wconf 77' lang='grc' dir='ltr'><strong>ἐν</strong></span> <span class='ocrx_word' id='word_1_108' title='bbox 749 1443 953 1501; x_wconf 62' lang='lat' dir='ltr'><strong>Mmieiqa·</strong></span> <span class='ocrx_word' id='word_1_109' title='bbox 1000 1436 1057 1496; x_wconf 78' lang='grc' dir='ltr'><strong>ἦν</strong></span> <span class='ocrx_word' id='word_1_110' title='bbox 1095 1444 1226 1501; x_wconf 76' lang='grc' dir='ltr'><em>χιτών</em></span> <span class='ocrx_word' id='word_1_111' title='bbox 1267 1443 1512 1503; x_wconf 79' lang='grc' dir='ltr'><em>ἀμόργινος.</em></span> <span class='ocrx_word' id='word_1_112' title='bbox 1577 1449 1661 1489; x_wconf 86' lang='lat' dir='ltr'><strong>Ubi</strong></span> 
     </span>
     <span class='ocr_line' id='line_1_18' title="bbox 218 1525 1662 1578; baseline -0.002 -10"><span class='ocrx_word' id='word_1_113' title='bbox 218 1525 491 1568; x_wconf 87' lang='lat' dir='ltr'><strong>Ruhnkenius</strong></span> <span class='ocrx_word' id='word_1_114' title='bbox 518 1525 781 1578; x_wconf 83' lang='lat' dir='ltr'><strong>Antiphontis</strong></span> <span class='ocrx_word' id='word_1_115' title='bbox 816 1537 965 1565; x_wconf 89' lang='lat' dir='ltr'><strong>nomeu</strong></span> <span class='ocrx_word' id='word_1_116' title='bbox 992 1526 1152 1565; x_wconf 83' lang='lat' dir='ltr'><strong>restitui</strong></span> <span class='ocrx_word' id='word_1_117' title='bbox 1186 1527 1369 1575; x_wconf 82' lang='lat' dir='ltr'><strong>volebat,</strong></span> <span class='ocrx_word' id='word_1_118' title='bbox 1403 1527 1512 1566; x_wconf 86' lang='lat' dir='ltr'><strong>haud</strong></span> <span class='ocrx_word' id='word_1_119' title='bbox 1540 1527 1662 1566; x_wconf 83' lang='lat' dir='ltr'><strong>aliam</strong></span> 
     </span>
     <span class='ocr_line' id='line_1_19' title="bbox 219 1602 1662 1656; baseline -0.001 -12"><span class='ocrx_word' id='word_1_120' title='bbox 219 1605 272 1644; x_wconf 88' lang='lat' dir='ltr'><strong>ob</strong></span> <span class='ocrx_word' id='word_1_121' title='bbox 303 1616 464 1643; x_wconf 86' lang='lat' dir='ltr'><strong>causam</strong></span> <span class='ocrx_word' id='word_1_122' title='bbox 492 1606 616 1654; x_wconf 89' lang='lat' dir='ltr'><strong>puto,</strong></span> <span class='ocrx_word' id='word_1_123' title='bbox 654 1615 773 1653; x_wconf 89' lang='lat' dir='ltr'><strong>quam</strong></span> <span class='ocrx_word' id='word_1_124' title='bbox 804 1602 912 1653; x_wconf 85' lang='lat' dir='ltr'><strong>quod</strong></span> <span class='ocrx_word' id='word_1_125' title='bbox 957 1603 1141 1643; x_wconf 86' lang='lat' dir='ltr'><strong>Iasonem</strong></span> <span class='ocrx_word' id='word_1_126' title='bbox 1170 1605 1431 1656; x_wconf 82' lang='lat' dir='ltr'><strong>Antiphontis</strong></span> <span class='ocrx_word' id='word_1_127' title='bbox 1466 1606 1516 1644; x_wconf 88' lang='lat' dir='ltr'><strong>ab</strong></span> <span class='ocrx_word' id='word_1_128' title='bbox 1545 1604 1662 1644; x_wconf 79' lang='lat' dir='ltr'><strong>Anti-</strong></span> 
     </span>
     <span class='ocr_line' id='line_1_20' title="bbox 218 1679 1660 1733; baseline 0.001 -12"><span class='ocrx_word' id='word_1_129' title='bbox 218 1682 330 1722; x_wconf 85' lang='lat' dir='ltr'><strong>attic.</strong></span> <span class='ocrx_word' id='word_1_130' title='bbox 361 1694 400 1733; x_wconf 88' lang='lat' dir='ltr'><strong>p.</strong></span> <span class='ocrx_word' id='word_1_131' title='bbox 428 1682 483 1720; x_wconf 79' lang='lat'><strong>9⁰</strong></span> <span class='ocrx_word' id='word_1_132' title='bbox 511 1679 538 1719; x_wconf 88' lang='grc'><strong>5</strong></span> <span class='ocrx_word' id='word_1_133' title='bbox 578 1679 743 1718; x_wconf 80' lang='lat' dir='ltr'><strong>allatum</strong></span> <span class='ocrx_word' id='word_1_134' title='bbox 771 1692 852 1718; x_wconf 91' lang='lat' dir='ltr'><strong>non</strong></span> <span class='ocrx_word' id='word_1_135' title='bbox 883 1680 962 1719; x_wconf 84' lang='lat' dir='ltr'><strong>nisi</strong></span> <span class='ocrx_word' id='word_1_136' title='bbox 996 1681 1115 1720; x_wconf 91' lang='lat' dir='ltr'><strong>titulo</strong></span> <span class='ocrx_word' id='word_1_137' title='bbox 1153 1694 1177 1720; x_wconf 86' lang='lat' dir='ltr'><strong>a</strong></span> <span class='ocrx_word' id='word_1_138' title='bbox 1206 1681 1356 1722; x_wconf 84' lang='lat' dir='ltr'>Medea</span> <span class='ocrx_word' id='word_1_139' title='bbox 1384 1683 1553 1722; x_wconf 86' lang='lat' dir='ltr'><strong>differre</strong></span> <span class='ocrx_word' id='word_1_140' title='bbox 1582 1682 1660 1722; x_wconf 88' lang='lat' dir='ltr'><strong>sibi</strong></span> 
     </span>
     <span class='ocr_line' id='line_1_21' title="bbox 218 1756 1661 1814; baseline 0 -14"><span class='ocrx_word' id='word_1_141' title='bbox 218 1761 493 1814; x_wconf 83' lang='lat' dir='ltr'><strong>persuaserat.</strong></span> <span class='ocrx_word' id='word_1_142' title='bbox 522 1757 697 1797; x_wconf 88' lang='lat' dir='ltr'>Medeae</span> <span class='ocrx_word' id='word_1_143' title='bbox 726 1756 906 1796; x_wconf 86' lang='lat' dir='ltr'><strong>fabulam</strong></span> <span class='ocrx_word' id='word_1_144' title='bbox 935 1770 958 1797; x_wconf 86' lang='lat' dir='ltr'><strong>a</strong></span> <span class='ocrx_word' id='word_1_145' title='bbox 987 1759 1226 1799; x_wconf 85' lang='lat' dir='ltr'><strong>tractatione</strong></span> <span class='ocrx_word' id='word_1_146' title='bbox 1255 1761 1500 1800; x_wconf 87' lang='lat' dir='ltr'><strong>comicorum</strong></span> <span class='ocrx_word' id='word_1_147' title='bbox 1520 1763 1661 1812; x_wconf 77' lang='lat' dir='ltr'><strong>poeta—</strong></span> 
     </span>
     <span class='ocr_line' id='line_1_22' title="bbox 218 1834 1662 1883; baseline -0.001 -5"><span class='ocrx_word' id='word_1_148' title='bbox 218 1850 312 1878; x_wconf 82' lang='lat' dir='ltr'><strong>rum</strong></span> <span class='ocrx_word' id='word_1_149' title='bbox 341 1836 507 1876; x_wconf 88' lang='lat' dir='ltr'><strong>minime</strong></span> <span class='ocrx_word' id='word_1_150' title='bbox 547 1835 719 1874; x_wconf 86' lang='lat' dir='ltr'><strong>alienam</strong></span> <span class='ocrx_word' id='word_1_151' title='bbox 749 1834 900 1883; x_wconf 85' lang='lat' dir='ltr'><strong>fuisse,</strong></span> <span class='ocrx_word' id='word_1_152' title='bbox 943 1836 1149 1875; x_wconf 87' lang='lat' dir='ltr'><strong>Strattidis</strong></span> <span class='ocrx_word' id='word_1_153' title='bbox 1193 1837 1345 1877; x_wconf 83' lang='lat' dir='ltr'><strong>Eubuli</strong></span> <span class='ocrx_word' id='word_1_154' title='bbox 1384 1842 1427 1877; x_wconf 86' lang='lat' dir='ltr'><strong>et</strong></span> <span class='ocrx_word' id='word_1_155' title='bbox 1467 1837 1662 1878; x_wconf 85' lang='lat' dir='ltr'><strong>Canthari</strong></span> 
     </span>
     <span class='ocr_line' id='line_1_23' title="bbox 220 1911 1661 1968; baseline -0.001 -12"><span class='ocrx_word' id='word_1_156' title='bbox 220 1915 405 1966; x_wconf 84' lang='lat' dir='ltr'><strong>exempla</strong></span> <span class='ocrx_word' id='word_1_157' title='bbox 437 1913 600 1953; x_wconf 86' lang='lat' dir='ltr'><strong>docent.</strong></span> <span class='ocrx_word' id='word_1_158' title='bbox 658 1913 718 1953; x_wconf 85' lang='lat' dir='ltr'><strong>Ac</strong></span> <span class='ocrx_word' id='word_1_159' title='bbox 746 1911 921 1952; x_wconf 87' lang='lat' dir='ltr'><strong>sortasse</strong></span> <span class='ocrx_word' id='word_1_160' title='bbox 950 1926 1002 1952; x_wconf 90' lang='lat' dir='ltr'><strong>ne</strong></span> <span class='ocrx_word' id='word_1_161' title='bbox 1033 1913 1269 1954; x_wconf 87' lang='lat' dir='ltr'><strong>Iasonem</strong></span> <span class='ocrx_word' id='word_1_162' title='bbox 1307 1917 1472 1967; x_wconf 90' lang='lat' dir='ltr'><strong>quidem</strong></span> <span class='ocrx_word' id='word_1_163' title='bbox 1501 1915 1661 1968; x_wconf 68' lang='lat' dir='ltr'><strong>§cripuit</strong></span> 
     </span>
     <span class='ocr_line' id='line_1_24' title="bbox 217 1989 1662 2044; baseline -0.001 -9"><span class='ocrx_word' id='word_1_164' title='bbox 217 1993 442 2044; x_wconf 87' lang='lat' dir='ltr'><strong>Antiphon,</strong></span> <span class='ocrx_word' id='word_1_165' title='bbox 472 1990 545 2030; x_wconf 84' lang='lat' dir='ltr'><strong>sed</strong></span> <span class='ocrx_word' id='word_1_166' title='bbox 563 1989 829 2041; x_wconf 83' lang='lat' dir='ltr'><strong>Antiphanes.</strong></span> <span class='ocrx_word' id='word_1_167' title='bbox 886 1991 1037 2031; x_wconf 87' lang='lat' dir='ltr'><strong>Maiori</strong></span> <span class='ocrx_word' id='word_1_168' title='bbox 1066 2004 1157 2031; x_wconf 90' lang='lat' dir='ltr'><strong>cnm</strong></span> <span class='ocrx_word' id='word_1_169' title='bbox 1184 1992 1274 2032; x_wconf 90' lang='lat' dir='ltr'><strong>iure</strong></span> <span class='ocrx_word' id='word_1_170' title='bbox 1304 1994 1662 2034; x_wconf 87' lang='lat' dir='ltr'><strong>Philoctetcm</strong></span> 
     </span>
     <span class='ocr_line' id='line_1_25' title="bbox 219 2067 1661 2123; baseline -0.001 -11"><span class='ocrx_word' id='word_1_171' title='bbox 219 2069 440 2122; x_wconf 86' lang='lat' dir='ltr'><strong>Antiphani</strong></span> <span class='ocrx_word' id='word_1_172' title='bbox 469 2067 678 2107; x_wconf 84' lang='lat' dir='ltr'><strong>abiudices</strong></span> <span class='ocrx_word' id='word_1_173' title='bbox 699 2070 743 2105; x_wconf 84' lang='lat' dir='ltr'><strong>et</strong></span> <span class='ocrx_word' id='word_1_174' title='bbox 760 2068 1000 2120; x_wconf 86' lang='lat' dir='ltr'><strong>Antiphonti</strong></span> <span class='ocrx_word' id='word_1_175' title='bbox 1020 2070 1186 2119; x_wconf 85' lang='lat' dir='ltr'><strong>tribuas,</strong></span> <span class='ocrx_word' id='word_1_176' title='bbox 1215 2083 1296 2110; x_wconf 90' lang='lat' dir='ltr'><strong>non</strong></span> <span class='ocrx_word' id='word_1_177' title='bbox 1313 2072 1422 2122; x_wconf 88' lang='lat' dir='ltr'><strong>quod</strong></span> <span class='ocrx_word' id='word_1_178' title='bbox 1440 2072 1522 2110; x_wconf 90' lang='lat' dir='ltr'><strong>tale</strong></span> <span class='ocrx_word' id='word_1_179' title='bbox 1540 2083 1661 2123; x_wconf 76' lang='lat' dir='ltr'><strong>argu-</strong></span> 
     </span>
     <span class='ocr_line' id='line_1_26' title="bbox 217 2145 1663 2200; baseline 0.001 -12"><span class='ocrx_word' id='word_1_180' title='bbox 217 2150 401 2188; x_wconf 87' lang='lat' dir='ltr'><strong>mentum</strong></span> <span class='ocrx_word' id='word_1_181' title='bbox 431 2159 454 2184; x_wconf 86' lang='lat' dir='ltr'><strong>a</strong></span> <span class='ocrx_word' id='word_1_182' title='bbox 478 2145 632 2184; x_wconf 85' lang='lat' dir='ltr'><strong>comica</strong></span> <span class='ocrx_word' id='word_1_183' title='bbox 647 2146 762 2196; x_wconf 86' lang='lat' dir='ltr'><strong>poesi</strong></span> <span class='ocrx_word' id='word_1_184' title='bbox 779 2147 1002 2186; x_wconf 85' lang='lat' dir='ltr'><strong>abhorrere</strong></span> <span class='ocrx_word' id='word_1_185' title='bbox 1016 2147 1200 2187; x_wconf 81' lang='lat' dir='ltr'><strong>videatur</strong></span> <span class='ocrx_word' id='word_1_186' title='bbox 1217 2146 1472 2200; x_wconf 79' lang='lat' dir='ltr'><strong>(Epicharmi</strong></span> <span class='ocrx_word' id='word_1_187' title='bbox 1489 2149 1597 2188; x_wconf 90' lang='lat' dir='ltr'><strong>enim</strong></span> <span class='ocrx_word' id='word_1_188' title='bbox 1619 2152 1663 2190; x_wconf 76' lang='lat' dir='ltr'><strong>et</strong></span> 
     </span>
     <span class='ocr_line' id='line_1_27' title="bbox 210 2223 1702 2276; baseline 0.001 -10"><span class='ocrx_word' id='word_1_189' title='bbox 210 2225 428 2267; x_wconf 36' lang='lat' dir='ltr'><strong>*Strattidis</strong></span> <span class='ocrx_word' id='word_1_190' title='bbox 445 2223 609 2263; x_wconf 78' lang='lat' dir='ltr'><strong>fabulae</strong></span> <span class='ocrx_word' id='word_1_191' title='bbox 629 2225 875 2264; x_wconf 88' lang='lat' dir='ltr'><strong>contrarium</strong></span> <span class='ocrx_word' id='word_1_192' title='bbox 898 2225 1081 2276; x_wconf 86' lang='lat' dir='ltr'><strong>docent),</strong></span> <span class='ocrx_word' id='word_1_193' title='bbox 1109 2225 1183 2265; x_wconf 88' lang='lat' dir='ltr'>sed</span> <span class='ocrx_word' id='word_1_194' title='bbox 1212 2226 1320 2276; x_wconf 90' lang='lat' dir='ltr'><strong>quod</strong></span> <span class='ocrx_word' id='word_1_195' title='bbox 1349 2227 1512 2266; x_wconf 89' lang='lat' dir='ltr'><strong>unicum</strong></span> <span class='ocrx_word' id='word_1_196' title='bbox 1538 2227 1662 2268; x_wconf 84' lang='lat' dir='ltr'><strong>huius</strong></span> <span class='ocrx_word' id='word_1_197' title='bbox 1686 2246 1702 2258; x_wconf 48' lang='grc' dir='ltr'>π</span> 
     </span>
     <span class='ocr_line' id='line_1_28' title="bbox 218 2300 1660 2358; baseline 0.001 -14"><span class='ocrx_word' id='word_1_198' title='bbox 218 2303 384 2344; x_wconf 82' lang='lat' dir='ltr'><strong>fabulae</strong></span> <span class='ocrx_word' id='word_1_199' title='bbox 412 2300 687 2353; x_wconf 75' lang='lat' dir='ltr'><strong>fragmentum</strong></span> <span class='ocrx_word' id='word_1_200' title='bbox 715 2303 928 2342; x_wconf 86' lang='lat' dir='ltr'><strong>aStobaco</strong></span> <span class='ocrx_word' id='word_1_201' title='bbox 945 2304 1057 2344; x_wconf 88' lang='lat' dir='ltr'><strong>Flor.</strong></span> <span class='ocrx_word' id='word_1_202' title='bbox 1072 2303 1182 2344; x_wconf 87' lang='lat' dir='ltr'><strong>CXV</strong></span> <span class='ocrx_word' id='word_1_203' title='bbox 1211 2301 1264 2342; x_wconf 87' lang='lat'><strong>15</strong></span> <span class='ocrx_word' id='word_1_204' title='bbox 1294 2307 1335 2342; x_wconf 88' lang='lat' dir='ltr'><strong>et</strong></span> <span class='ocrx_word' id='word_1_205' title='bbox 1362 2306 1535 2358; x_wconf 81' lang='lat' dir='ltr'><strong>Arsenio</strong></span> <span class='ocrx_word' id='word_1_206' title='bbox 1553 2306 1660 2348; x_wconf 87' lang='lat' dir='ltr'><strong>Viol.</strong></span> 
     </span>
     <span class='ocr_line' id='line_1_29' title="bbox 217 2380 1690 2434; baseline 0.003 -14"><span class='ocrx_word' id='word_1_207' title='bbox 217 2393 261 2434; x_wconf 90' lang='lat' dir='ltr'><strong>p.</strong></span> <span class='ocrx_word' id='word_1_208' title='bbox 275 2380 358 2420; x_wconf 78' lang='lat'><strong>430</strong></span> <span class='ocrx_word' id='word_1_209' title='bbox 386 2381 605 2427; x_wconf 80' lang='lat' dir='ltr'><strong>servatum,</strong></span> <span class='ocrx_word' id='word_1_210' title='bbox 635 2380 773 2419; x_wconf 85' lang='lat' dir='ltr'><strong>nescio</strong></span> <span class='ocrx_word' id='word_1_211' title='bbox 803 2381 900 2432; x_wconf 86' lang='lat' dir='ltr'><strong>quid</strong></span> <span class='ocrx_word' id='word_1_212' title='bbox 928 2381 1073 2434; x_wconf 80' lang='lat' dir='ltr'><strong>tragici</strong></span> <span class='ocrx_word' id='word_1_213' title='bbox 1102 2380 1249 2421; x_wconf 87' lang='lat' dir='ltr'><strong>coloris</strong></span> <span class='ocrx_word' id='word_1_214' title='bbox 1276 2382 1478 2434; x_wconf 85' lang='lat' dir='ltr'><strong>praefert:</strong></span> <span class='ocrx_word' id='word_1_215' title='bbox 1687 2381 1690 2386; x_wconf 68' lang='grc'>’</span> 
     </span>
     <span class='ocr_line' id='line_1_30' title="bbox 385 2450 1349 2512; baseline 0.004 -18"><span class='ocrx_word' id='word_1_216' title='bbox 385 2450 528 2509; x_wconf 65' lang='grc' dir='ltr'><strong><em>σοφόν</em></strong></span> <span class='ocrx_word' id='word_1_217' title='bbox 555 2452 602 2507; x_wconf 77' lang='grc' dir='ltr'><strong>γέ</strong></span> <span class='ocrx_word' id='word_1_218' title='bbox 630 2451 703 2495; x_wconf 83' lang='grc' dir='ltr'><strong>τοί</strong></span> <span class='ocrx_word' id='word_1_219' title='bbox 731 2469 774 2495; x_wconf 83' lang='grc' dir='ltr'><strong>τι</strong></span> <span class='ocrx_word' id='word_1_220' title='bbox 802 2453 909 2511; x_wconf 82' lang='grc' dir='ltr'><strong><em>πρὸς</em></strong></span> <span class='ocrx_word' id='word_1_221' title='bbox 937 2453 986 2497; x_wconf 82' lang='grc' dir='ltr'><strong>τὸ</strong></span> <span class='ocrx_word' id='word_1_222' title='bbox 1017 2452 1238 2510; x_wconf 74' lang='grc' dir='ltr'><em>βουλεύειν</em></span> <span class='ocrx_word' id='word_1_223' title='bbox 1265 2454 1349 2512; x_wconf 62' lang='grc' dir='ltr'><strong>ἔχει</strong></span> 
     </span>
     <span class='ocr_line' id='line_1_31' title="bbox 386 2528 1440 2587; baseline 0.006 -16"><span class='ocrx_word' id='word_1_224' title='bbox 386 2528 437 2571; x_wconf 82' lang='grc' dir='ltr'><strong>τὸ</strong></span> <span class='ocrx_word' id='word_1_225' title='bbox 466 2530 613 2587; x_wconf 73' lang='grc' dir='ltr'><em>γῆρας,</em></span> <span class='ocrx_word' id='word_1_226' title='bbox 641 2529 700 2580; x_wconf 77' lang='grc' dir='ltr'><strong>ὥς</strong></span> <span class='ocrx_word' id='word_1_227' title='bbox 728 2529 782 2585; x_wconf 83' lang='grc' dir='ltr'><strong>δὴ</strong></span> <span class='ocrx_word' id='word_1_228' title='bbox 814 2529 940 2574; x_wconf 78' lang='grc' dir='ltr'><strong><em>πόλλ’</em></strong></span> <span class='ocrx_word' id='word_1_229' title='bbox 973 2529 1069 2574; x_wconf 81' lang='grc' dir='ltr'><em>ἰδόν</em></span> <span class='ocrx_word' id='word_1_230' title='bbox 1096 2548 1142 2574; x_wconf 72' lang='grc' dir='ltr'><strong>τε</strong></span> <span class='ocrx_word' id='word_1_231' title='bbox 1168 2536 1244 2575; x_wconf 84' lang='grc' dir='ltr'><strong>καὶ</strong></span> <span class='ocrx_word' id='word_1_232' title='bbox 1271 2532 1440 2577; x_wconf 75' lang='grc' dir='ltr'><em>παθόν.</em></span> 
     </span>
    </p>

    <p class='ocr_par' dir='ltr' id='par_1_3' title="bbox 221 2608 1661 2746">
     <span class='ocr_line' id='line_1_32' title="bbox 221 2608 1661 2673; baseline 0.004 -23"><span class='ocrx_word' id='word_1_233' title='bbox 221 2608 306 2651; x_wconf 85' lang='lat' dir='ltr'><strong>Sed</strong></span> <span class='ocrx_word' id='word_1_234' title='bbox 345 2609 427 2673; x_wconf 74' lang='lat' dir='ltr'><strong>hoc</strong></span> <span class='ocrx_word' id='word_1_235' title='bbox 468 2623 587 2663; x_wconf 88' lang='lat' dir='ltr'><strong>quam</strong></span> <span class='ocrx_word' id='word_1_236' title='bbox 629 2611 754 2652; x_wconf 85' lang='lat' dir='ltr'><strong>fallax</strong></span> <span class='ocrx_word' id='word_1_237' title='bbox 794 2616 1076 2666; x_wconf 77' lang='lat' dir='ltr'><strong>argumentum</strong></span> <span class='ocrx_word' id='word_1_238' title='bbox 1120 2613 1171 2654; x_wconf 87' lang='lat' dir='ltr'><strong>sit</strong></span> <span class='ocrx_word' id='word_1_239' title='bbox 1211 2615 1302 2668; x_wconf 88' lang='lat' dir='ltr'><strong>ipse</strong></span> <span class='ocrx_word' id='word_1_240' title='bbox 1335 2616 1542 2669; x_wconf 82' lang='lat' dir='ltr'><strong>intelligo;</strong></span> <span class='ocrx_word' id='word_1_241' title='bbox 1585 2626 1661 2656; x_wconf 82' lang='lat' dir='ltr'><strong>nec</strong></span> 
     </span>
     <span class='ocr_line' id='line_1_33' title="bbox 223 2674 1658 2746; baseline 0.002 -17"><span class='ocrx_word' id='word_1_242' title='bbox 223 2691 565 2729; x_wconf 71' lang='lat' dir='ltr'><strong>commemoratur</strong></span> <span class='ocrx_word' id='word_1_243' title='bbox 610 2689 791 2741; x_wconf 80' lang='lat' dir='ltr'><strong>Antipho</strong></span> <span class='ocrx_word' id='word_1_244' title='bbox 831 2704 854 2731; x_wconf 74' lang='lat' dir='ltr'><strong>a</strong></span> <span class='ocrx_word' id='word_1_245' title='bbox 892 2674 1040 2732; x_wconf 73' lang='lat' dir='ltr'><strong>rimae</strong></span> <span class='ocrx_word' id='word_1_246' title='bbox 1075 2692 1270 2737; x_wconf 70' lang='lat' dir='ltr'><strong>maneth.</strong></span> <span class='ocrx_word' id='word_1_247' title='bbox 1306 2692 1386 2734; x_wconf 78' lang='lat'><strong>167</strong></span> <span class='ocrx_word' id='word_1_248' title='bbox 1421 2706 1469 2746; x_wconf 75' lang='lat' dir='ltr'><strong>p.</strong></span> <span class='ocrx_word' id='word_1_249' title='bbox 1499 2688 1581 2733; x_wconf 78' lang='lat'>&#39;114</span> <span class='ocrx_word' id='word_1_250' title='bbox 1617 2693 1658 2732; x_wconf 75' lang='lat' dir='ltr'><strong>m</strong></span> 
     </span>
    </p>
   </div>
  </div>
 </body>
</html>
