1702 3190
655 122 912 154 aamermus.
1429 107 1516 150 265

10 268 12 270 .
42 224 128 274 Ubi
165 240 291 284 quum
319 227 445 270 Attus
484 225 722 280 Messapiae
758 223 930 277 regulus
968 224 1341 272 commemoretur,
1379 235 1404 264 a
1431 236 1516 278 quo

43 312 204 351 constat
239 306 517 349 Athenienses
563 306 607 347 in
646 304 787 346 Siculo
826 302 940 342 bello
977 300 1248 341 iaculatorum
1287 315 1410 345 manu
1446 317 1518 347 su-

44 392 243 430 stentatos
275 398 380 434 esse,
411 385 602 439 Thucyd.
632 384 713 426 VII
743 382 800 422 33
830 381 896 421 cll.
927 379 1056 420 Suida
1085 392 1117 419 s.
1151 393 1188 421 v.
1220 375 1403 436 ''Am-09,
1434 399 1518 428 non

44 468 171 509 mirer
206 465 421 518 equidem,
460 465 494 505 si
533 464 622 517 quis
659 462 842 502 fabulam
882 460 995 499 illam
1034 459 1199 513 Olymp.
1229 460 1348 503 XCII
1384 451 1519 508 actam

47 558 141 587 esse
180 549 347 586 statuat.
412 545 634 585 Enimvero
674 541 884 592 aliquanto
920 539 1054 579 serius
1082 539 1126 579 id
1154 539 1314 581 factum
1345 555 1438 584 esse
1468 558 1521 586 ex

47 625 130 666 alio
168 624 356 665 eiusdem
393 621 588 662 dramatis
624 620 860 674 fragmento
899 618 1009 671 apud
1047 619 1232 672 Etymol.
1269 621 1332 663 Μ.
1361 634 1404 677 p.
1434 624 1520 665 335

47 704 104 743 18
134 706 177 744 et
204 700 463 754 Hesychium
494 712 528 740 s.
557 713 596 741 v.
626 693 847 753 ἐμπήρους
876 697 1148 751 intelligitur:

154 772 503 832 Λακεδαιμόνιοί
530 774 726 833 θ’ἡμαῖν
754 771 811 818 τά
839 789 885 816 τε
913 773 1033 830 τείχη
1062 776 1323 834 κατέβαλον,

157 857 233 899 καὶ
261 854 339 906 τὰς
367 853 552 914 τριήρεις
577 855 742 912 ἔλαβον
769 852 1004 912 ἐμμήρους,
1033 850 1153 907 ὅπως

155 937 310 992 μηκέτι
339 936 781 993 θαλαττοκρατοῖντο
811 931 1184 986 Πελοποννήσιοι.

46 1020 164 1072 Quae
202 1024 298 1059 ante
339 1019 505 1071 Olymp.
535 1018 671 1061 XCIV
709 1019 833 1059 scribi
868 1031 951 1059 non
989 1018 1178 1071 potuisse
1219 1022 1409 1072 apertum
1443 1025 1524 1064 est.

48 1099 266 1140 Hactenus
301 1099 429 1152 igitur
468 1099 570 1139 nihil
611 1098 812 1148 vidimus,
860 1097 972 1151 quod
1008 1097 1227 1150 quominus
1266 1099 1525 1142 Demetrium

48 1178 245 1230 antiquae
274 1177 514 1218 comoediae
543 1178 679 1231 poetis
708 1190 1001 1218 accenseamus
1040 1178 1275 1230 prohibeat.
1339 1180 1393 1220 At
1430 1193 1526 1233 gra·

48 1257 254 1297 vissimam
306 1256 604 1297 dubitationem
652 1260 791 1297 movet
839 1257 942 1297 alius
994 1257 1181 1297 eiusdem
1231 1258 1433 1299 Demetrii
1475 1273 1528 1301 ex

48 1337 300 1389 Areopagita
338 1335 480 1376 fabula
517 1337 634 1377 locus
673 1337 784 1390 apud
814 1336 1076 1377 Athenaeum
1108 1337 1166 1377 IX
1203 1351 1244 1391 p.
1275 1339 1360 1381 405
1377 1353 1415 1391 c,
1454 1339 1528 1381 ubi

44 1427 206 1468 vcoquus
235 1415 435 1469 gloriator
462 1417 572 1457 inter
601 1417 681 1457 alia
710 1417 813 1456 haec
843 1416 895 1456 de
925 1429 972 1456 se
1000 1416 1233 1469 praedicat:

163 1488 520 1549 ἀβυρτακοποιὸς
549 1493 671 1550 παρὰ
700 1493 916 1537 Σέλευκον
943 1490 1171 1549 ἐγενόμην,

163 1568 266 1628 παρ’
295 1568 581 1626 Ἀγαθοκλεῖ
604 1574 652 1616 δὲ
681 1573 851 1631 πρῶτος
880 1568 1088 1629 εἰσήνεγκ’
1122 1571 1204 1630 ἐγώ

164 1649 225 1709 τῷ
254 1649 494 1710 Σικελιώτῃ
522 1652 604 1705 τὴν
633 1652 897 1711 τυραννικὴν
926 1654 1088 1711 φακῆν.

54 1732 173 1784 Quae
202 1746 330 1786 quum
359 1739 532 1787 propter
562 1737 730 1776 Seleuci
761 1741 804 1776 et
833 1737 1073 1789 Agathoclis
1103 1736 1357 1777 mentionem
1388 1738 1532 1775 aucto-

55 1823 146 1853 rem
189 1813 367 1866 prodant
411 1815 481 1866 qui
521 1816 631 1856 ultra
667 1817 832 1870 Olymp.
874 1816 1051 1857 CXVIII
1102 1817 1227 1857 vitam
1275 1815 1533 1869 produxerit,

56 1902 139 1931 non
169 1905 268 1932 sane
297 1893 348 1932 ab
377 1893 525 1934 eodem
554 1900 678 1947 poeta
709 1897 835 1936 scribi
865 1901 1093 1949 potuerunt
1141 1897 1211 1949 qui
1253 1896 1335 1936 iam
1366 1896 1533 1948 Olymp.

7 2007 9 2009 ,
58 1967 193 2013 XCIV
235 1971 301 2011 vel
343 1974 484 2026 paullo
532 1975 665 2015 serius
708 1975 873 2016 fabulas
915 1977 959 2016 in
1003 1979 1214 2016 certamen
1256 1975 1534 2016 commiserat.

7 2061 9 2066 ⁴
60 2047 205 2101 ltaque
235 2051 338 2091 nihil
367 2053 546 2105 relinqui
576 2055 722 2104 video,
762 2056 842 2095 nisi
872 2060 918 2095 ut
949 2056 1054 2095 duos
1084 2056 1271 2096 diversos
1300 2054 1536 2095 Demetrius

59 2126 191 2167 fuisse
220 2134 447 2170 statuamus
481 2133 568 2183 ¹⁶),
603 2146 779 2185 quorum
810 2135 916 2173 alter
947 2136 1139 2186 antiquae
1170 2136 1276 2174 alter
1304 2147 1437 2174 novae
1467 2145 1538 2173 co·

65 2206 253 2245 moediae
282 2213 406 2258 poeta
433 2209 573 2251 fuerit.
632 2213 668 2252 E
701 2211 894 2252 Sicilia
923 2212 1064 2253 fabula
1095 2214 1237 2265 (quam
1268 2215 1423 2253 rectius
1450 2212 1539 2252 for-

0 2344 1 2347 *
66 2287 178 2323 tasse
212 2286 393 2337 Etymol.
429 2289 490 2329 M.
526 2286 732 2337 Σικελοὺς
768 2294 918 2344 vocat)
962 2297 1130 2345 praeter
1168 2294 1290 2333 allata
1327 2294 1419 2333 loca
1455 2305 1539 2333 non

0 2358 2 2398 ὲ
67 2361 148 2402 nisi
176 2375 302 2403 unum
332 2365 610 2419 fragmentum
639 2375 831 2423 superest
860 2372 970 2425 apud
999 2371 1159 2413 Aelian.
1190 2373 1246 2414 H.
1275 2374 1325 2415 A.
1355 2372 1437 2413 XII
1469 2372 1538 2412 10.

134 2521 207 2572 ⁴⁶)
238 2520 298 2560 Ita
329 2522 452 2561 etiam
482 2523 700 2566 Clintonus
730 2527 842 2567 Fast.
874 2527 986 2567 Hell.
1017 2541 1058 2579 p.
1086 2529 1170 2568 19⁰
1200 2529 1271 2570 Kr.
1298 2529 1373 2569 sed
1402 2528 1538 2567 minus

183 2582 297 2617 recte
326 2578 506 2629 addens,
543 2580 721 2622 tortasse
751 2589 887 2624 tamen
919 2597 1079 2625 errasse
1109 2585 1352 2638 Diogenem.
1419 2584 1540 2624 Scili-

184 2638 250 2671 cet
282 2646 362 2673 non
392 2636 633 2678 meminerat
661 2641 724 2680 vir
754 2642 926 2682 eximius
956 2641 1142 2683 locorum
1172 2656 1222 2685 ex
1253 2641 1444 2684 Sicilia
1472 2639 1540 2681 vel

186 2690 381 2733 Siculis
410 2692 638 2736 allatorum.
