1702 3190
652 133 914 164 ruiramus.
1425 118 1522 166 259

41 248 120 292 pro
157 249 231 287 eo,
266 238 349 290 qno
389 239 631 277 constanter
664 234 732 277 usi
769 237 867 275 sunt
903 236 1070 274 veteres
1106 233 1191 285 illi,
1227 229 1343 275 κατὰ
1377 231 1523 292 χειρὸς

41 313 200 356 δοῦναι
218 315 325 369 apud
340 315 605 356 Athenaeum
623 315 680 356 IX
697 328 739 369 p.
752 314 838 355 408
850 327 888 354 e.
917 313 1071 354 Forma
1086 304 1208 361 ἅλας,
1223 305 1400 366 marcq,
1417 327 1518 358 usus

38 400 107 437 est
140 395 251 449 apud
290 395 612 436 Grammaticum
653 396 827 447 Seguer.
857 406 899 445 p.
930 392 1011 432 381
1045 393 1085 432 6.
1155 392 1376 447 singulare
1413 396 1518 439 item

38 475 152 528 quod
179 475 455 517 Antiatticista
484 489 526 528 p.
555 475 611 514 83
647 473 825 514 servavit
869 464 1192 525 ἀναλφάβητος
1220 485 1297 524 pro
1327 469 1518 528 ἁμά-θη-

38 566 114 602 τος
141 549 424 608 γραμμάτων,
467 558 510 594 et
544 550 652 605 βέδυ
678 552 722 593 h.
761 565 799 592 e.
836 545 924 605 ἀὴρ
962 551 1072 604 apud
1104 551 1366 593 Clementem
1395 554 1516 595 Alex.

39 634 123 675 Str.
152 635 191 676 V
228 648 271 687 p.
299 634 383 674 569
400 634 436 671 b.
503 632 550 672 In
591 632 716 671 rebus
756 631 932 672 scenicis
972 630 1161 671 nonnihil
1199 643 1375 672 novasse
1413 631 1517 673 Phi-

34 710 209 764 lyllium,
240 725 264 751 e
293 711 501 752 Strattidis
530 711 623 751 loco
653 710 763 764 apud
791 710 1068 751 Scholiastam
1091 710 1384 764 Aristophanis
1402 711 1516 754 Plut.

32 788 146 830 1195
174 790 403 843 colligitur,
440 791 512 831 ubi
548 792 704 844 primus
739 790 923 830 omnium
953 789 1068 830 faces
1097 790 1141 831 in
1172 803 1339 831 scenam
1367 794 1517 844 protu-

28 867 132 910 usse
170 869 342 919 dicitur,
383 883 464 923 quo
501 874 693 923 spectant
730 869 909 909 fortasse
948 869 1055 910 haec
1091 870 1298 911 Athenaei
1333 869 1406 911 lib.
1434 870 1516 914 XV

28 949 166 990 wne.
214 944 448 998 Φιλύλλιος
488 946 535 989 δὲ
572 946 652 998 τὰς
689 943 930 1002 λαμπάδας
970 945 1114 1004 δᾷδας
1151 946 1289 991 καλεῖ.
1347 950 1514 992 Nomen

29 1034 180 1083 poetae
226 1031 341 1071 miris
386 1044 512 1083 saepe
562 1031 694 1070 modis
746 1034 988 1083 corruptum
1034 1030 1203 1083 legitur.
1275 1023 1514 1078 Φιλλύλιος

26 1109 226 1150 scribitur
254 1110 366 1164 apud
394 1110 564 1150 Suidam
594 1123 628 1151 s.
659 1123 698 1150 v.
730 1113 773 1150 et
802 1109 844 1150 in
876 1106 1111 1159 Φιλοκλῆς.
1169 1109 1364 1150 Eundem
1394 1123 1512 1151 erro-

27 1199 118 1228 tem
147 1189 329 1242 suscepit
358 1190 544 1230 Eudocia
572 1203 614 1243 p.
645 1189 729 1230 428
768 1191 810 1228 et
850 1193 947 1228 ante
979 1189 1331 1242 langermannum
1360 1189 1512 1232 Pollux

29 1265 110 1308 Vll
138 1267 236 1308 192.
275 1269 322 1308 In
358 1265 544 1316 Φιλαῖος
574 1270 674 1309 abiit
703 1269 812 1322 apud
842 1268 1041 1308 Photium
1070 1268 1180 1308 Bibl.
1219 1269 1302 1309 167
1340 1283 1383 1322 p.
1426 1269 1511 1310 115

28 1343 175 1396 Bekk.‚
226 1348 270 1389 in
311 1343 535 1396 Φιλόλαος
573 1349 683 1401 apud
723 1348 984 1401 Ilesychium
1027 1348 1110 1388 vol.
1153 1348 1194 1388 11
1230 1361 1273 1401 p.
1316 1348 1417 1400 491,
1465 1349 1510 1391 in

33 1421 361 1482 winweogss)
392 1429 502 1482 apud
537 1429 796 1469 Clementem
828 1428 946 1468 Alex.
977 1428 1185 1470 Strom.V
1214 1441 1256 1481 p.
1274 1428 1359 1469 243
1388 1429 1506 1482 Sylb.

26 1503 152 1547 Mitto
182 1507 287 1557 alia,
329 1508 382 1548 de
411 1509 560 1561 quibus
590 1511 759 1562 praeter
790 1508 1087 1548 Ruhnkenium
1128 1508 1181 1548 ad
1213 1508 1376 1548 Timaei
1407 1509 1509 1551 Le1.

24 1592 70 1638 p.
109 1586 193 1626 167
237 1591 280 1628 et
318 1589 370 1629 ad
401 1589 603 1629 Rutilium
642 1588 747 1640 Lup.
789 1600 831 1640 p.
871 1587 955 1626 103
994 1601 1032 1627 v·
1070 1587 1324 1640 interpretes
1365 1589 1509 1630 Pollu-

24 1663 86 1704 eis
112 1665 193 1707 Vll
223 1668 321 1708 192.
387 1668 568 1709 Fabulas
601 1666 787 1719 Philyllii
822 1665 904 1705 hoc
935 1666 1081 1706 ordine
1111 1667 1260 1707 Suidas
1291 1670 1334 1707 et
1362 1669 1509 1709 Eudo·

24 1741 89 1783 eia
115 1744 256 1797 p.428
285 1752 553 1788 enumerant:
583 1739 760 1799 Αἰγεύς,
789 1739 933 1796 Αὔγη,
957 1739 1148 1783 ”Αντεια
1178 1740 1377 1801 (ἑταίρας
1406 1742 1508 1787 ὄνο-

0 1811 123 1887 ὲμα),
158 1819 404 1877 Δωδεκάτη,
441 1821 688 1881 (Ηρακλῆς,
729 1820 962 1879 Πλύντρια
1000 1817 1030 1873 ἢ
1061 1822 1315 1877 Ναυσικάα,
1359 1822 1507 1875 Πόλις

0 1897 3 1937 ’ἱ
26 1899 128 1956 (leg.
155 1897 354 1957 Πόλεις),
392 1902 661 1961 Φρεωρύχος,
687 1898 964 1955 Ἀταλάντη,
991 1899 1164 1954 Ἑλένη.
1227 1906 1309 1946 Ubi
1338 1910 1504 1958 postre-

23 1991 114 2022 mae
142 1981 308 2025 fabulae
348 1987 602 2029 Atalanta
640 1990 682 2026 et
720 1984 934 2025 Helena
970 1988 1139 2037 praeter
1167 1985 1401 2026 litterarum
1432 1998 1503 2026 or·

23 2057 162 2102 dinem
196 2063 338 2106 illatae
376 2066 676 2106 dubitationem
714 2068 896 2105 movent.
972 2061 1018 2102 A
1029 2056 1048 2102 ἰ
1053 2061 1183 2116 γεὺς
1226 2064 1359 2104 tribus
1396 2065 1502 2105 locis

23 2148 389 2194 commemoratur,
433 2145 545 2197 apud
581 2144 751 2184 Suidam
781 2156 816 2184 s.
846 2157 886 2183 v.
916 2138 1263 2197 ἀναλφάβητος,
1303 2144 1502 2184 Antiatti-

24 2216 167 2257 cistam
194 2231 236 2271 p.
263 2219 321 2259 83
350 2224 393 2261 et
420 2221 680 2274 Stephanum
708 2221 812 2273 ΒΕΖ.
841 2233 876 2260 s.
906 2234 946 2262 v.
976 2218 1023 2259 Γ
1015 2218 1224 2272 amarae,
1254 2221 1327 2261 ubi
1356 2226 1499 2263 tamen

19 2294 295 2338 Ruhnkenius
323 2300 376 2340 ad
403 2300 621 2342 Timaeum
650 2301 679 2340 l.
708 2301 738 2341 l.
767 2294 901 2354 Αὔγῃ
935 2300 1008 2351 ⁴²)
1043 2313 1121 2353 pro
1150 2294 1290 2351 ,Αἰγεῖ
1312 2301 1500 2343 scriben-

21 2372 122 2414 dum
158 2378 201 2415 et
236 2375 361 2418 huius
395 2377 563 2421 fabulae
598 2379 766 2420 titulum
803 2392 854 2420 ex
890 2379 1154 2422 librariorum
1184 2392 1327 2422 errore
1358 2384 1497 2425 ortum

80 2571 152 2622 ⁴¹)
183 2572 351 2613 Scilicet
389 2586 439 2615 ex
483 2572 837 2616 ‹DIAYAAIOG
867 2576 1023 2618 factum
1057 2574 1409 2619 ‹DIAYAAIOG
1430 2578 1494 2619 id-

132 2640 214 2680 que
244 2629 439 2684 deinceps
468 2645 600 2685 prono
631 2647 776 2674 errore
806 2635 907 2674 abiit
936 2636 979 2676 in
1013 2633 1340 2678 ΦΙΛΥΔΕΟΟ.

56 2685 152 2736 ,41)
182 2686 396 2728 Constanti
425 2701 567 2730 errore
596 2691 874 2733 Ruhnkenius
902 2693 1069 2746 scripsit
1099 2686 1244 2749 Αὐγῇ.

1120 2771 1226 2810 17·Ι

6 2669 8 2675 -
2 2451 11 2581 -ᾈ-σ-
