1702 3190
719 147 867 178 rua-o.
1434 138 1518 180 loa

40 253 201 307 tantam
233 251 514 302 consequutus
551 252 618 289 est
658 249 966 297 auctoritatem,
1004 253 1051 290 ut
1088 262 1181 290 cum
1211 250 1326 291 solus
1353 249 1446 292 l'ere
1474 252 1517 294 in

38 329 135 372 foro
163 333 371 382 regnaret,
401 327 703 381 Aristophanes
730 328 828 369 Pac.
849 327 947 376 681,
978 331 1023 367 et
1050 329 1362 380 potentissimos
1391 343 1517 382 quoa-

39 421 134 461 que·
169 409 280 447 cives
328 407 399 458 (in
447 407 512 447 his
555 407 679 447 etiam
717 407 994 455 Alcibiadem,
1043 410 1153 445 teste
1193 408 1384 448 Himerio
1421 408 1515 450 Ecl.

38 487 216 528 XXXVI
255 499 297 538 p.
328 487 439 538 318)
478 486 708 526 incredibili
736 486 902 526 licentia
931 490 973 526 et
1002 486 1257 537 procacitate
1285 487 1515 529 lacesseret

41 569 84 606 et
133 576 419 617 quemcunque
466 565 646 617 populus
694 564 821 603 vellet
860 564 1051 604 omnibus
1098 565 1232 604 modis
1282 567 1514 616 vellicaret,

39 644 250 685 Plutarch.
288 644 422 684 Alcib.
459 644 514 682 13
559 643 627 682 cll.
664 643 848 683 Maximo
885 643 987 695 Tyr.
1028 643 1135 684 Diss.
1172 643 1275 684 xm
1332 658 1374 697 p.
1413 645 1512 693 23⁷,

35 722 311 763 Athenienses
348 734 441 761 eum
479 725 673 773 tanquam
710 723 878 775 genium
917 721 1123 775 quendam
1161 724 1449 775 suspicerent,
1488 737 1511 764 a

35 801 152 842 auius
170 804 270 840 nutu
300 804 342 840 et
369 800 540 841 arbitrio
570 802 760 855 suspensi
791 805 1048 850 tenerentur,
1078 800 1157 841 Dio
1187 801 1406 854 Chrysost.
1438 803 1510 843 Or.

34 878 90 921 25
125 892 165 932 p.
195 880 280 919 282
294 892 331 920 a.
397 879 506 931 Quid
542 881 652 932 quod
690 885 805 921 tanto
843 881 1169 934 perditissimum
1205 881 1417 923 hominem
1449 882 1512 924 fa-

33 971 133 999 vore
169 959 545 1011 amplectebantur,
590 963 637 1000 ut
686 973 931 1012 quamquam
972 960 1145 1000 munera
1199 962 1252 1001 ab
1292 964 1511 1016 Aegyptiis

31 1037 187 1091 populo
215 1037 324 1078 dono
354 1038 477 1078 missa
508 1038 590 1077 sibi
620 1038 699 1078 soli
736 1039 1013 1090 vindicasset,
1051 1039 1191 1080 Leuco
1231 1041 1343 1094 apud
1372 1042 1510 1094 Hesy-

38 1115 177 1157 ehium
223 1128 258 1156 s.
296 1129 335 1157 v.
376 1111 582 1163 Πάαπις,
638 1121 777 1157 tamen
826 1118 1027 1158 exercitui
1074 1131 1170 1159 eum
1216 1121 1510 1173 praeficerent,

32 1194 174 1235 Schol.
206 1196 331 1236 Arist.
368 1195 548 1237 Acharn.
578 1195 680 1243 846,
720 1200 762 1235 et
791 1197 1156 1238 Hieromnemonis
1186 1211 1359 1238 munere
1388 1211 1510 1238 orna·

30 1278 138 1323 nunt,
167 1274 379 1327 Aristoph.
409 1274 518 1315 Nub.
549 1274 646 1315 62⁰.
715 1274 777 1315 Ita
807 1287 933 1327 quum
974 1276 1131 1329 aliquot
1169 1288 1299 1318 annos
1329 1278 1509 1330 primum

30 1351 75 1397 l·
110 1353 324 1405 republica
366 1353 504 1394 locum
541 1354 757 1404 tenuisset,
793 1366 842 1394 ac
878 1368 931 1395 ne
968 1355 1290 1397 mordacissimis
1335 1357 1508 1409 quidem

14 1433 282 1477 'nomicorum
310 1435 528 1485 poetarum
565 1433 721 1473 salibus
758 1432 812 1473 ad
842 1434 1050 1475 saniorem
1078 1435 1284 1475 rationem
1321 1437 1509 1476 revocari

33 1512 259 1565 potuitnet,
293 1513 504 1565 insperato
546 1511 598 1551 de
635 1524 819 1561 summo,
861 1513 915 1552 ad
952 1514 1064 1566 quod
1100 1514 1219 1554 malis
1249 1515 1406 1555 artibus
1435 1515 1509 1555 ad-

34 1591 280 1639 madent,
334 1591 546 1643 potentiae
598 1591 938 1644 auctoritatisque
980 1592 1147 1645 fastigio
1192 1593 1382 1633 deiectus
1428 1597 1507 1634 est.

34 1669 151 1714 Nicia
178 1671 313 1718 enim,
349 1670 416 1709 vel
444 1674 493 1710 ut
523 1669 840 1722 Theophrastus
870 1671 981 1723 apud
1009 1671 1222 1712 Plutarch.
1254 1673 1346 1713 Nic.
1376 1673 1435 1712 X!
1465 1676 1509 1711 et

33 1748 172 1792 Sehot.
202 1750 373 1790 Luciani
401 1749 429 1789 l.
462 1750 489 1789 Ι.
528 1762 569 1801 p.
601 1748 683 1787 155
716 1751 942 1790 memoriae
978 1749 1275 1802 prodiderunt,
1315 1750 1507 1790 Phaeace

35 1828 88 1870 de
114 1829 343 1881 principatu
379 1841 473 1868 cum
509 1828 723 1869 Alcibiade
762 1830 1062 1878 contendente,
1102 1830 1394 1882 Hyperbolus,
1435 1831 1506 1883 qui

34 1907 176 1962 populi
216 1908 374 1948 animos
411 1911 556 1947 contra
592 1912 814 1959 utrumque
862 1908 1061 1948 concitari
1101 1913 1223 1959 atque
1260 1909 1505 1949 alterutrum

37 1986 275 2029 tantularum
306 1987 503 2039 suffragio
533 1986 667 2039 patria
698 1987 799 2039 pelli
831 1987 970 2035 vellet,
1000 2000 1081 2039 quo
1103 1988 1320 2028 meliorem
1352 1988 1433 2027 sibi
1463 1987 1504 2027 in

35 2076 130 2107 eum
159 2065 230 2118 qui
255 2066 522 2105 remansisset
552 2065 762 2105 saeviendi
796 2067 1148 2118 opportunitatem
1179 2067 1376 2113 haberet,
1415 2067 1505 2118 ipse

34 2149 176 2186 eontra
203 2144 387 2183 omnium
423 2144 797 2195 exspectationem,
837 2145 1099 2184 machinante
1138 2146 1400 2198 potissimum
1432 2143 1504 2185 Al-

0 2223 3 2236 '
35 2221 214 2269 eibiade,·
240 2221 470 2260 ostracismi
491 2221 642 2261 iudicio
662 2222 876 2260 damnatus
908 2226 984 2269 est,
1014 2222 1057 2262 id
1088 2223 1200 2274 quod
1229 2223 1384 2263 factum
1412 2237 1504 2263 esse

0 2331 2 2347 ζ
36 2300 200 2340 videtur
229 2299 394 2350 Olymp.
426 2298 518 2338 XCI
552 2301 590 2339 l.
650 2299 756 2339 Rem
788 2299 917 2351 ipsam
955 2300 1023 2350 ¹⁰)
1054 2302 1261 2353 copiosius
1292 2284 1505 2354 exponunt

0 2410 2 2418 ,
38 2368 284 2418 Plutarchus
324 2375 455 2415 Alcib.
483 2375 600 2426 xm,
642 2378 732 2419 Nic.
762 2377 836 2425 xl,
874 2378 1042 2419 Aristid.
1073 2379 1153 2421 Vll
1192 2386 1235 2421 et
1264 2379 1504 2434 Theopom-

39 2438 118 2508 pus
154 2454 262 2507 apud
299 2453 572 2494 Scholiastam
610 2455 823 2508 Aristoph.
852 2455 980 2508 vesp.
1013 2457 1135 2507 10⁰1,
1174 2459 1246 2499 ubi
1283 2473 1503 2512 perperam

153 2575 397 2616 occubuisse
438 2575 661 2617 memoriae
701 2578 841 2632 prodit
876 2577 1175 2620 Eratosthenes
1212 2583 1322 2634 apud
1361 2583 1503 2623 Schol.

64 2663 65 2666 η
151 2634 300 2674 Venet.
330 2631 383 2671 ad
411 2633 508 2672 Pac.
536 2633 605 2674 48.

101 2690 170 2740 ²⁰)
203 2689 360 2729 Eodem
390 2694 562 2741 spectat,
591 2690 626 2729 si
655 2690 754 2743 quid
784 2691 919 2741 video,
951 2691 1163 2734 Himerius
1193 2694 1266 2734 Or.
1296 2695 1334 2735 V
1364 2693 1431 2735 14.

96 2774 184 2811 Eiet.
208 2776 282 2811 crit.
308 2777 406 2810 Com.
431 2787 544 2819 graec·
1170 2771 1224 2809 13
