1702 3190
712 170 862 200 nuo.
1432 159 1516 200 169

151 275 215 316 De
248 267 519 330 Δαιδάλῳ,
555 284 637 327 quo
672 270 793 311 titulo
830 270 955 310 etiam
983 271 1282 324 Aristophanes
1328 269 1513 313 fabulam

43 351 207 402 docuit,
243 353 415 406 insignis
452 355 516 395 est
545 350 770 393 Clementis
808 349 1075 392 Alexandrini
1113 350 1231 391 locus
1270 352 1424 392 Strom.
1452 349 1513 392 Vl

39 444 83 486 p.
118 431 202 473 752
233 426 430 470 Πλάτων
463 442 510 471 τε
546 425 571 470 ὁ
606 424 796 482 κωμικὸς
829 426 907 467 καὶ
942 421 1278 482 Ἀριστοφάνης
1311 426 1360 468 ἐν
1399 426 1514 468 Δαι-

42 505 163 565 δάλῳ
198 505 254 549 τὰ
290 504 492 559 ἀλλήλων
529 504 836 564 ὑφαιροῦνται.
903 508 1020 559 Quae
1049 508 1191 561 paullo
1234 509 1512 561 negligentius

42 590 250 630 enuntiata
276 591 335 631 sic
364 589 476 630 haud
505 588 628 628 dubie
654 585 923 639 intelligenda
953 592 1062 637 sunt,
1094 587 1311 627 Platonem
1342 600 1392 626 ex
1417 587 1512 627 Ari-

42 668 253 720 stophanis
283 668 466 708 Daedalo
502 654 714 706 nonnulla'
735 665 778 705 in
818 677 935 706 suam
974 667 1158 706 eiusdem
1188 665 1299 706 tituli
1327 664 1514 704 fabulam

39 745 312 795 transtulisse,
342 743 663 798 Aristophanem
692 735 838 785 autem¹
860 756 1005 785 rursus
1037 758 1087 785 ex
1114 745 1203 786 aliis
1233 744 1419 785 Platonis
1447 742 1511 783 fa-

38 822 145 863 bulis
181 836 297 863 suam
335 823 564 865 Daedalum
605 823 774 864 ditasse.
809 824 881 876 Μ)
947 824 1298 880 ΕχεῐηΡΙιιω“ι·εἰ
1337 810 1512 876 praebet

35 901 202 942 unicum
237 901 308 955 ⁹⁶)
344 903 456 955 quod
492 906 686 956 superest
720 901 888 944 fabulae
916 901 1196 956 fragmentum
1227 902 1338 956 apud
1366 901 1510 942 Schol.

35 979 146 1020 Nuh.
174 980 271 1030 659,
306 981 377 1020 ubi
413 982 486 1034 qui
523 994 548 1022 e
569 979 763 1022 ⁴Platonis
793 981 977 1023 Daedalo
1014 981 1247 1024 afferuntur
1274 993 1420 1022 versus
1457 981 1509 1021 ab

37 1057 128 1098 aliis
157 1070 207 1098 ex
235 1059 538 1113 Aristophanen
567 1058 708 1101 fabula
737 1059 970 1102 laudantur.

144 1130 340 1186 Ἱῖλλὰς
375 1131 405 1189 ἢ
439 1136 591 1188 Νῆσο
605 1150 634 1179 ι.
692 1139 756 1179 Ea
791 1138 1039 1192 plerumque
1068 1138 1313 1193 simpliciter
1346 1132 1509 1186 Ἕλλας

34 1219 218 1258 vocatur.
275 1215 450 1259 Plenum
479 1215 646 1258 fabulae
674 1217 840 1257 titulum
870 1222 1141 1258 servaverunt
1169 1218 1320 1258 Suidas
1350 1223 1393 1258 et
1419 1218 1508 1258 Eu-

35 1295 169 1336 decia.
231 1295 403 1337 Duobus
442 1295 544 1336 locis
572 1292 723 1346 Νῆσοι
760 1296 934 1346 dicitur,
974 1297 1086 1351 apud
1115 1296 1312 1337 Photium
1342 1297 1443 1337 Lex.
1473 1310 1508 1339 s.

33 1390 72 1418 v.
98 1369 227 1426 τάξαι
257 1378 301 1416 et
327 1375 511 1428 Etymol.
540 1375 602 1416 Μ.
632 1389 674 1429 p.
705 1376 787 1417 362
817 1376 887 1426 39,
915 1375 988 1417 ubi
1017 1376 1166 1417 vitiose
1195 1377 1350 1430 legitur
1376 1371 1508 1416 Πλά-

26 1466 122 1504 ,των
146 1449 322 1509 Νόμοις
348 1467 424 1507 pro
453 1447 641 1504 Νὴσοις.
705 1455 828 1509 Quod
863 1455 976 1510 apud
1004 1456 1177 1499 Antiatt.
1205 1469 1248 1510 p.
1279 1455 1363 1496 114
1401 1456 1506 1510 legi-

34 1538 103 1576 tur
137 1529 332 1573 Πλάτων
366 1528 610 1590 Ἑλλαὸἰῳ,
655 1547 724 1575 me
758 1539 924 1576 tacente
959 1535 1209 1589 intelligitur
1243 1536 1288 1576 in
1319 1529 1507 1575 εΕλλιιίὃι

35 1613 276 1655 mutandum
312 1625 418 1654 esse.
484 1615 786 1667 Argumentum
823 1613 991 1656 fabulae
1016 1627 1040 1655 e
1074 1614 1196 1656 titulo
1227 1616 1428 1670 suspicari
1456 1616 1507 1656 li-

36 1696 116 1743 cet,
145 1693 182 1734 si
211 1692 377 1747 quidem
406 1692 460 1733 de
488 1694 693 1735 maritimo
722 1693 1040 1736 Atheniensium
1067 1694 1244 1748 imperio
1274 1699 1412 1737 actum
1446 1697 1507 1737 vi-

36 1770 171 1813 detur.
245 1773 309 1812 Eo
348 1776 509 1825 spectat
545 1773 662 1814 locus
699 1772 811 1826 apud
848 1773 989 1815 Schol.
1028 1774 1107 1816 MS
1145 1774 1198 1816 ad
1235 1774 1362 1818 Hom.
1401 1776 1441 1817 11
1480 1777 1503 1816 1

35 1851 122 1893 135
157 1852 229 1904 ⁰¹¹)
258 1851 317 1892 ita
345 1850 526 1896 fortasse
556 1852 850 1907 corrigendus:

95 2053 168 2106 ⁹⁵)
197 2053 411 2094 Dobraeus
448 2054 501 2096 ad
537 2055 803 2108 Aristophan.
841 2055 923 2096 vol.
954 2055 1012 2096 lx
1042 2056 1069 2096 2
1105 2068 1148 2108 p.
1177 2056 1262 2095 206
1300 2055 1423 2097 Dind.
1461 2057 1504 2097 ln

145 2110 374 2152 Clementis
401 2112 495 2153 loco
526 2113 764 2154 Platonicae
800 2113 967 2153 fabulae
1004 2126 1155 2157 nomen
1187 2114 1389 2155 excidisse
1419 2114 1503 2153 exi-

147 2166 299 2208 stimat.

97 2223 169 2274 ⁰⁰)
203 2223 308 2262 Nam
338 2236 392 2264 ne
423 2224 512 2275 quis
539 2223 650 2265 forte
681 2226 751 2283 qui
779 2224 890 2277 apud
919 2224 1080 2267 Tetzen
1095 2224 1273 2266 Chiliad.
1303 2225 1322 2266 Ι
1350 2225 1449 2271 517,
1480 2240 1505 2268 e

148 2279 322 2323 Platone
353 2280 583 2322 afferuntur
611 2295 778 2322 versus:

264 2333 320 2373 τὰ
343 2332 583 2375 Δαιδάλεια
607 2334 756 2377 πάντα
783 2334 1011 2377 κινεῖσθαι
1041 2333 1164 2378 δοκεῖ

264 2388 438 2441 βλέπειν
465 2387 751 2446 τ’ἆγάλμαθᾎ
777 2385 985 2448 ὧδ’ἀνὴρ
1013 2393 1150 2442 κεῖνος
1180 2387 1333 2449 σοφός,

152 2457 178 2486 e
205 2444 386 2490 Daedalo
419 2447 540 2488 ducta
571 2463 663 2490 esse
692 2454 834 2502 putet,
872 2464 953 2492 non
984 2452 1130 2492 inutile
1158 2451 1287 2491 fuerit
1316 2464 1502 2502 monere,

149 2513 204 2542 ne
247 2516 337 2543 esse
377 2505 542 2557 quidem
579 2505 658 2546 hos
689 2507 874 2548 Platonis
903 2521 1070 2557 versus,
1106 2508 1180 2549 sed
1209 2509 1421 2562 Euripidis
1452 2522 1503 2549 ex

151 2557 387 2612 Eurystheo
416 2563 527 2613 apud
555 2563 693 2605 Schol.
724 2564 867 2619 Eurip.
898 2564 1117 2605 Hec.821.
1177 2565 1360 2606 Tzetzae
1389 2565 1502 2611 haud

150 2614 274 2710 {lubic
303 2615 407 2662 alius
437 2618 621 2665 Platonis
651 2621 770 2665 locus
798 2622 1092 2669 obversabatur
1120 2622 1170 2667 ab
1202 2623 1350 2669 eodem
1369 2623 1502 2668 Scho-

168 2672 270 2711 iasta
298 2678 496 2716 servatus.

101 2726 169 2779 ⁹⁷)
204 2728 296 2770 vid.
325 2729 507 2773 Koenius
532 2732 583 2775 ad
613 2732 789 2788 Gregor.
824 2734 920 2778 Gor.
951 2735 970 2777 1
998 2748 1041 2790 p.
1070 2736 1140 2780 48.
