1702 3190
653 135 957 168 nrsronmus.
1443 119 1526 161 211

57 262 160 306 ρους
191 249 263 301 ²⁶)
296 257 390 287 cum
422 240 710 295 Aristophanis
750 237 971 291 Equitibus
1011 239 1054 275 et
1090 233 1250 276 Cratini
1288 233 1447 288 Satyris
1482 233 1528 275 in

58 334 268 373 certamen
299 322 556 366 commisisse
585 319 845 371 intelligitur.
904 315 988 356 Sed
1018 315 1059 355 in
1091 314 1245 355 Suidae
1274 315 1412 355 verbis
1441 327 1529 356 am-

57 410 142 463 btgi
173 407 294 449 video
327 404 379 444 de
408 414 534 442 sensu
557 400 775 439 verborum
808 393 894 435 τῶν
923 391 1208 446 ἐηιόευτέρωυ
1237 391 1314 442 τῆς
1344 388 1532 450 ἀρχαίας

57 482 303 543 κωμῳδίας,
334 496 440 535 quae
471 481 504 521 1.
534 479 584 519 G.
615 477 787 520 Vossius
815 475 1134 526 interpretatur:
1165 485 1296 514 unus
1328 487 1530 526 eorum,

61 568 148 622 qui
178 560 492 606 secundarii
521 560 784 598 vocantur.
817 553 960 594 Paullo
990 553 1139 594 melius
1171 553 1344 594 Portus:
1376 568 1434 595 ex
1462 555 1531 596 iis

61 647 147 700 qui
191 643 454 694 antiquam
497 634 821 677 comoediam
864 634 1081 685 sequuti
1123 636 1259 674 sunt.
1330 633 1531 674 Similiter

58 724 282 764 Kusterus:
333 719 419 771 qui
456 714 760 758 comoediae
801 713 1052 765 antiquae
1096 713 1319 766 proximi
1356 713 1528 754 fuere.

54 802 244 854 Denique
283 799 471 851 Toupius
508 794 685 836 Emend.
727 794 770 834 in
809 793 925 833 Suid.
965 793 1026 833 111
1066 806 1107 845 p.
1139 791 1194 834 95
1243 806 1302 834 ex
1347 803 1530 834 eorum

55 893 268 924 numero
316 879 403 933 qui
448 888 545 917 nec
588 873 747 928 primi
787 885 886 913 nec
931 873 1158 913 secundi
1201 874 1293 914 sed
1346 874 1530 926 paullo

55 963 172 1015 post
201 959 528 999 floruerunt.
580 954 697 997 Nihil
724 952 876 993 horum
907 954 957 994 ab
989 953 1101 993 omni
1130 957 1248 1006 parte
1279 966 1422 993 verum
1452 957 1532 995 est.

55 1040 264 1082 Videntur
293 1039 431 1092 potius
461 1039 626 1077 veteres
657 1035 791 1074 critici
821 1035 1012 1086 antiquae
1043 1034 1284 1074 comoediae
1314 1039 1460 1086 poetas
1488 1033 1531 1074 in

57 1119 160 1159 duas
190 1118 307 1171 quasi
337 1118 491 1158 classes
522 1114 816 1168 dispescuisse‚
843 1114 886 1155 in
916 1113 1183 1166 antiquioreS,
1216 1114 1286 1166 qui
1317 1117 1413 1153 ante
1443 1113 1533 1154 bel-

56 1198 144 1240 lum
175 1197 572 1250 Peloponnesiacum
607 1195 918 1242 indoluissent,
958 1198 1000 1232 et
1043 1193 1282 1244 sequior-es,
1321 1194 1391 1246 qui
1430 1194 1533 1247 ipsis

23 1280 26 1284 “
57 1278 159 1321 belli
197 1277 451 1329 temporibus
489 1276 702 1315 florerent.
770 1274 862 1314 Hos
898 1273 960 1312 illi
1000 1269 1102 1320 τοὺς
1131 1269 1432 1327 ἕπιὸευτέρους
1460 1286 1534 1314 vo-

58 1369 178 1399 casse
219 1356 425 1397 videntur.
496 1354 562 1396 Ad
607 1353 783 1394 eandem
829 1353 954 1406 plane
995 1353 1198 1394 rationem
1246 1353 1533 1408 Phrynichum

57 1436 150 1485 τοῖς
194 1432 483 1488 ἐπιδευτέροις
527 1433 738 1474 accensuit
791 1432 954 1474 Suidas.
1040 1433 1102 1474 Ac
1149 1433 1342 1473 similiter
1387 1434 1533 1475 decem

58 1522 270 1571 pratorum
323 1515 538 1565 delectus,
597 1527 720 1568 quem
775 1513 991 1566 sequiores
1034 1512 1087 1552 ad
1131 1518 1319 1555 veterum
1365 1513 1534 1555 illorum

57 1609 246 1651 normam
304 1595 602 1646 instituerunt,
667 1591 711 1633 οἱ
765 1587 1036 1647 ἐπιδεύτεροι
1084 1589 1189 1633 δέκα
1233 1587 1412 1651 ῥήτορες
1461 1608 1535 1648 ap-

58 1676 210 1731 pellati
250 1679 359 1716 sunt.
417 1674 566 1715 Suidas
614 1687 653 1715 v.
689 1667 1008 1727 Νικόστρατος.
1065 1667 1238 1727 ἐτάχθη
1278 1671 1324 1713 δὲ
1360 1671 1408 1714 ἐν
1444 1673 1537 1724 τοῖς

61 1753 283 1811 ,κριθεῖσιν
311 1751 384 1794 ἐπὶ
414 1751 630 1808 δευτέροις
659 1754 806 1803 (immo
836 1750 1146 1807 ἐπιδευτέροις)
1178 1751 1282 1793 δέκα
1313 1747 1534 1810 ῥήτορσιν.

63 1835 155 1883 cfr.
184 1834 393 1876 Iacobsius
423 1834 475 1874 ad
505 1834 675 1876 Anthol.
705 1833 921 1876 Animadv.
955 1835 1017 1875 111
1048 1835 1070 1874 l
1111 1849 1153 1889 p.
1183 1835 1282 1876 202.
1347 1835 1537 1876 Vidimus

62 1915 190 1971 igitur
217 1914 522 1956 Aristomenem
561 1915 642 1955 iam
673 1917 820 1967 quarto
849 1927 957 1955 anno
989 1915 1155 1968 Olymp.
1186 1913 1444 1956 LXXXVIII
1474 1914 1538 1956 fa-

58 1995 177 2037 bulas
221 1994 426 2034 docuisse.
500 1993 614 2034 ldem
661 2007 787 2046 quum
831 1994 873 2034 in
922 1999 1166 2047 argumento
1213 1994 1325 2035 Pluti
1369 1995 1536 2049 Olymp-

0 2077 2 2109 ἓ
62 2073 223 2116 XCVII
253 2073 282 2114 4
327 2074 450 2114 simul
488 2086 582 2114 cum
613 2073 901 2126 Aristophanis
939 2074 1062 2114 Pluto
1102 2075 1326 2116 Admetum
1368 2076 1540 2115 commi-

0 2165 3 2177 '
66 2153 171 2196 sisse
200 2153 374 2202 dicatur,
402 2153 667 2205 praelongam
695 2154 784 2193 viro
815 2153 938 2193 vitam
970 2154 1166 2206 obtigisse
1190 2143 1457 2195 censendum'
1475 2167 1542 2195 es-

0 2221 4 2263 l
69 2235 157 2280 set,
194 2230 274 2270 nisi
310 2231 536 2283 permirum
566 2231 697 2270 videri
728 2232 914 2282 deberet,
954 2233 1065 2285 quod
1095 2234 1139 2273 in
1168 2236 1281 2273 tanta
1310 2234 1419 2273 ritae
1447 2233 1541 2274 lon-

0 2323 5 2368 ς
71 2309 298 2363 ginquitate
327 2309 506 2362 quinque
535 2314 694 2351 tantum
723 2311 957 2353 fabularum
987 2317 1131 2353 auctor
1155 2313 1415 2367 perhibetur.
1458 2312 1541 2353 Ita-

0 2384 6 2443 }
74 2400 157 2442 que
184 2388 351 2429 Admeti
379 2389 709 2432 commissionem
746 2391 798 2431 ad
834 2393 1009 2445 primam
1039 2392 1153 2433 Pluti
1183 2393 1408 2434 editionem
1445 2406 1542 2448 spe·-

0 2454 7 2523 ε

1 2546 8 2580 ἶ
75 2595 78 2597 ,
137 2546 210 2598 ²⁰)
253 2545 316 2587 lta
358 2560 467 2587 nunc
509 2561 534 2588 e
580 2550 723 2590 codice
766 2550 937 2591 editum:
1022 2551 1162 2604 Vulgo
1215 2544 1542 2608 Ὀλοφυρμούς,

3 2635 10 2660 ‚
186 2602 296 2654 quod
340 2603 505 2644 fabulae
553 2618 704 2648 nomen
757 2608 809 2647 de
853 2612 1067 2661 captorum
1118 2609 1542 2651 Lacedaemoniorum

181 2659 542 2701 lamentationibus
601 2665 832 2719 explicabat
884 2665 1069 2707 Rankius
1111 2665 1219 2708 vita·
1254 2666 1546 2720 Aristophanis

186 2728 228 2768 p.
257 2717 631 2761 CCCLXXXVlll.

1180 2802 1233 2840 ll
1267 2803 1281 2819 ¹¹
