1702 3190
232 171 322 220 224
855 183 1067 216 ernas-ris.

344 277 583 334 Ἀγαθοὶ
597 280 814 323 laudantur
837 282 1052 326 Athenaeo
1072 285 1131 328 Vl
1157 297 1198 340 p.
1214 286 1298 327 248
1312 298 1334 329 e
1363 289 1404 327 et
1422 286 1501 330 XV
1513 289 1678 341 p.685c

235 361 311 403 sed
345 361 402 401 ita
437 364 484 400 ut
513 361 738 400 dubitatum
775 361 904 402 fuisse
940 366 1157 414 appareat,
1193 369 1382 406 utrumne
1410 366 1679 409 Pherecrates

235 454 287 481 an
317 440 479 480 Strattis
508 439 672 478 fabulae
701 442 843 479 auctor
870 439 1082 481 habendus
1113 446 1236 483 esset.
1291 444 1413 496 Apud
1441 443 1608 483 Suidam
1638 446 1680 484 et

234 517 459 559 Eudociam
487 517 633 569 plenus
662 518 826 557 fabulae
855 519 997 558 titulus
1027 521 1083 558 ita
1113 519 1329 559 exhibetur
1354 514 1558 571 Ἀγαῦοὶ
1585 515 1681 569 ἤτοι

231 589 469 649 ῗΛργυρίου
497 588 769 648 ἀφανισμός,
809 596 918 647 quod
956 597 1067 635 unde
1104 596 1269 636 ductum
1305 597 1358 636 sit
1394 609 1475 636 non
1503 598 1679 650 reperio.

233 673 327 713 Hoc
354 685 480 712 unum
508 674 617 722 scio,
650 667 891 727 Ἀργυρίου
919 667 1171 727 ἀφανισμός
1207 675 1355 714 incerti
1385 675 1561 714 auctoris
1591 688 1681 717 esse

233 750 436 799 fabulam,
478 751 591 790 cuius
621 751 691 790 alii
719 751 994 804 Antiphanem
1026 753 1094 791 alii
1122 752 1370 804 Epigenem,
1408 753 1476 792 alii
1506 753 1682 805 denique

233 827 510 879 Philippidem
564 833 773 868 auctorem
825 829 1107 881 perhibebant.
1191 829 1285 871 Vid.
1337 829 1572 869 Athenaeus
1622 830 1701 872 VI⁴

232 918 276 960 Ρ.
304 907 426 946 2302
463 909 504 944 et
534 906 591 945 IX
619 920 662 958 p.
691 907 773 946 409
788 906 827 946 d.
895 906 978 945 Sed
1017 906 1059 945 in
1098 919 1147 946 eo
1186 919 1306 958 quem
1336 907 1481 947 Suidas
1511 907 1681 959 praebet

231 983 394 1023 fabulae
422 983 541 1022 titulo
573 983 693 1023 etiam
721 979 819 1032 ἤτοι
846 984 1070 1036 permirum
1100 988 1176 1034 est,
1207 998 1280 1036 pro
1303 998 1382 1036 quo
1415 997 1496 1024 non
1527 984 1679 1025 monito

232 1061 390 1102 lectore
424 1061 596 1112 simplex
633 1055 662 1108 ἢ
691 1062 873 1100 exhibuit
903 1061 1165 1100 casaubonus
1203 1062 1254 1101 ad
1282 1062 1431 1102 Athen.
1468 1074 1507 1114 Ρ.
1539 1063 1622 1101 327
1642 1075 1679 1103 e.

232 1140 278 1180 Si
323 1138 462 1178 deleas
509 1139 780 1190 importunam
818 1137 1080 1190 particulam,
1129 1137 1228 1178 duas
1275 1137 1472 1178 habemus
1519 1138 1678 1179 fabulas

227 1210 434 1268 Ἀγαθοὶ
462 1220 504 1255 et
529 1211 774 1270 Ἀργυρίου
802 1208 1075 1269 ἀφανισμός,
1112 1227 1282 1267 quarum
1310 1216 1478 1256 alteram
1505 1216 1679 1257 fortasse

230 1295 401 1337 fuerunt
428 1294 615 1333 nonnulli
646 1295 714 1346 qui
744 1294 929 1334 Strattidi
958 1293 1251 1333 adscriberent.

336 1366 943 1426 Ἀνθρωπορραίστης,
972 1383 1048 1422 pro
1079 1382 1158 1422 quo
1189 1371 1294 1410 male
1312 1370 1419 1423 apud
1442 1371 1607 1414 Suidam
1637 1377 1679 1416 et

231 1451 329 1492 olim
360 1450 481 1489 etiam
520 1449 629 1501 apud
667 1449 926 1490 Athenaeum
966 1448 1005 1487 11
1048 1462 1089 1501 p.
1120 1449 1240 1488 1271:
1277 1441 1680 1504 Ἀνθρωπορέστης

231 1528 467 1581 legebatur,
505 1530 599 1567 ante
639 1527 801 1579 Olymp.
830 1524 946 1566 xcn
984 1526 1012 1566 4
1047 1526 1186 1566 doceri
1223 1539 1305 1566 non
1340 1526 1486 1578 potuit.
1553 1529 1680 1571 Ridet

231 1606 340 1647 enim
369 1605 411 1644 in
442 1618 489 1645 ea
518 1605 809 1658 Hegelochum
839 1604 1049 1657 Euripidis
1085 1603 1327 1644 histrionem
1359 1604 1402 1644 in
1435 1605 1602 1658 Oreste,
1632 1611 1691 1649 ut,

229 1687 390 1726 constat
419 1696 443 1723 e
470 1683 562 1723 loeo
592 1683 634 1723 in
663 1682 852 1731 Scholiis„
869 1683 921 1722 ad
949 1681 1129 1722 fabulam
1156 1682 1365 1734 Euripidis
1393 1683 1490 1725 278.

397 1759 493 1801 Καὶ
520 1759 607 1800 τῶν
633 1760 716 1814 μὲν
743 1756 887 1800 ἄλλων
915 1755 992 1800 οὐκ
1020 1757 1197 1813 ἐμέλησέ
1224 1772 1303 1814 μοι
1327 1756 1487 1814 μελῶν·

395 1834 637 1892 Εὐριπίδου
664 1836 709 1878 δὲ
739 1836 887 1893 δρᾶμα
916 1834 1176 1889 δεξιώτατον

396 1911 601 1956 qumo?
630 1911 855 1970 Ὀρέστην,
883 1912 1131 1970 “Ηγέλοχον
1157 1910 1234 1955 τὸν
1261 1907 1485 1968 Κιννάρου

392 1988 739 2048 μισθωσάμενος
768 1990 824 2034 τοὶ
851 2007 1003 2048 πρωτα
1032 2004 1119 2032 των
1146 1988 1260 2032 ἐπῶν
1286 1989 1436 2044 λέγειν.

229 2073 389 2125 Quibus
418 2072 602 2112 versibus
638 2086 720 2113 non
748 2073 998 2126 Euripides,
1031 2076 1078 2112 ut
1106 2072 1301 2125 putabant
1333 2070 1596 2112 casaubonus
1624 2069 1689 2120 add

227 2150 379 2192 Athen.
418 2149 447 2190 1.
483 2149 513 2190 l.
553 2154 596 2190 et
635 2151 846 2191 Fabricius
884 2150 993 2190 Bibl
1029 2150 1100 2190 Gr.
1132 2149 1171 2189 11
1206 2162 1247 2201 Ρ.
1285 2148 1382 2197 497,
1427 2146 1500 2185 sed
1537 2146 1687 2216 neseio&

228 2229 319 2281 quis
348 2222 647 2279 ἀγωνοθέτης,
685 2231 754 2282 qui
783 2230 933 2282 primas
961 2228 1126 2268 fabulae
1154 2229 1291 2279 partes
1319 2226 1583 2279 Hegelocho,
1611 2187 1702 2283 ins}

229 2310 325 2360 epto
354 2306 557 2356 histrioni,
580 2307 750 2347 dederat
779 2319 911 2359 eoque
938 2307 1028 2359 ipso
1059 2308 1335 2358 spectatorum
1354 2304 1551 2356 voluptati
1579 2286 1684 2356 pes&
1698 2329 1699 2332 =

227 2386 331 2426 sime
371 2386 647 2425 consuluerat.
722 2384 831 2424 Hinc
869 2385 990 2424 etiam
1033 2383 1176 2423 titulus
1211 2382 1375 2422 fabulae
1411 2368 1700 2444 explicandulJt

227 2463 389 2502 videtur
422 2456 902 2516 ’Λνθρωπορραίστης,
933 2462 1052 2515 quasi
1080 2460 1191 2500 dicas
1219 2460 1423 2500 lanionem
1450 2460 1698 2501 hominum?-

228 2540 384 2581 Similia
418 2544 514 2581 sunt
547 2536 882 2596 κυνορραίστης,
918 2533 1285 2595 μητρορραίστης,
1324 2531 1673 2592 θυμορραίστηό)
1690 2529 1702 2614 ,1

222 2611 542 2674 Ἰλιορραίστης
571 2621 650 2659 etc.
1693 2594 1702 2672 1
