1702 3190
682 163 873 194 aaronis.
1427 150 1510 190 12⁷

38 273 115 311 set.
181 258 247 309 Ad
283 265 457 305 eandem
494 263 676 304 fabulam
714 263 896 315 respexit
936 262 1059 300 etiam
1090 260 1356 312 Aphthonius
1386 261 1512 316 Prog-

37 359 80 400 p.
109 345 163 385 37
195 346 310 385 Cam.
339 337 625 382 εἰδωλοποιιά
652 336 680 390 ἡ
712 336 949 395 πρόσωπον
978 338 1058 388 μὲν
1087 334 1250 391 ἔχουσα
1280 335 1512 394 γνώριμον,

37 419 222 470 τεθνεός
259 420 305 462 δὲ
333 421 411 461 καὶ
438 419 518 461 τοῦ
545 419 685 473 λέγειν
713 414 1019 471 παυσάμενον,
1059 413 1119 465 ὡς
1157 416 1205 456 ἐν
1231 411 1396 470 Δήμοις
1423 414 1513 459 ,Εὔ-

40 500 170 549 πολις
199 497 374 541 ἔπλασε.
414 501 536 553 Quod
554 500 734 553 Eupolin
765 498 922 539 Cratini
953 496 1143 549 exemplo
1173 495 1341 545 fecisse,
1371 497 1442 548 qui
1472 502 1515 538 et

38 582 130 635 ipse
158 582 354 622 Solonem
392 593 442 620 ex
478 579 623 619 inferis
653 579 927 625 excitaverat,
965 575 1089 615 docet
1127 576 1244 616 locus
1275 577 1387 627 apud
1416 577 1515 616 Dio-

39 674 188 712 genem
219 661 358 699 Lacrt.
387 659 462 698 lib.
493 658 510 696 1
541 659 610 697 62.
661 656 834 695 Periclis
866 669 914 695 ex
947 657 1057 695 Orco
1088 655 1333 696 adscensum
1362 656 1515 695 iterum

38 738 176 790 tetigit
211 736 413 777 Aristides
453 736 504 776 T.
536 734 596 774 111
635 747 676 787 p.
705 734 792 774 433
821 735 869 774 B.
909 728 1057 782 οίὸεὶς
1094 721 1151 783 ἦν
1186 726 1309 781 ὅστις
1345 727 1426 773 οὐκ
1460 726 1517 773 ἂν

35 810 191 865 «εἰ-’ξατο
219 809 468 863 ἀναστῆναι
497 812 792 864 (Periclem),
827 803 942 852 ὥστε
969 806 1054 852 κᾶν
1083 814 1174 862 τοῖς
1203 808 1430 869 δράμασιν
1457 807 1517 861 ὥς

29 888 262 938 ‘duva-aim
303 888 487 946 ὁρῶντες
528 886 846 948 εὐφραίνοντο,
891 897 935 932 et
979 892 1174 934 Valerius
1217 895 1331 935 Max.
1371 894 1405 935 V
1411 893 1452 933 11
1489 894 1518 934 2

40 978 120 1013 ext.
159 973 201 1013 7.
247 972 571 1024 «Aristophanis
609 985 776 1025 quoque
811 996 869 1003 -—-
907 977 1202 1025 praeceptum,
1249 972 1320 1025 qui
1359 973 1402 1012 in
1435 973 1518 1012 Co-

40 1051 240 1094 <moedia
278 1051 505 1091 introduxit
538 1052 758 1091 remissum
795 1049 846 1090 ab
884 1049 1030 1090 inferis
1066 1052 1368 1092 Atheniensem
1400 1051 1518 1091 Peri-

41 1131 185 1171 «clem
211 1130 524 1179 vaticinantem,
561 1142 644 1170 non
674 1135 871 1182 oportere
906 1129 949 1168 in
977 1130 1083 1170 urbe
1118 1132 1267 1171 nutriri
1303 1131 1518 1171 leonem.»

41 1206 342 1262 Quirespexit
382 1208 547 1260 quidem
588 1208 641 1248 ad
670 1209 808 1248 Ranas
837 1209 1149 1261 Aristophanis,
1187 1210 1263 1250 sed
1300 1211 1520 1250 remissum

39 1301 91 1329 ex
130 1287 276 1328 inferis
313 1287 519 1327 Periclem
556 1287 699 1327 dicens
737 1287 962 1339 Eupolidis
1004 1286 1188 1328 fabulam
1227 1301 1323 1328 cum
1357 1289 1520 1329 Aristo-

37 1368 183 1421 phanis
212 1367 341 1407 Ranis
371 1365 573 1407 confudit.
639 1366 797 1407 Similis
828 1366 1010 1408 fortasse
1051 1381 1170 1407 error
1199 1368 1242 1408 in
1272 1373 1518 1421 argumento

38 1445 256 1498 Sophoclis
298 1445 448 1498 Oedipi
485 1446 577 1486 Col.
615 1458 659 1498 p.
694 1446 723 1485 5
759 1445 909 1486 Elmsl.
954 1441 1291 1500 Ἀριστοφάνης
1331 1443 1380 1485 ἐν
1428 1447 1519 1494 τοῖς

39 1518 274 1578 βατράχοις
316 1522 391 1563 ἐπὶ
430 1520 635 1564 Καλλίου
671 1519 827 1575 ἀνάγει
855 1521 957 1573 τοὺς
986 1521 1260 1578 στρατηγοὺς
1290 1521 1397 1580 ὑπὲρ
1426 1524 1518 1579 γῆς,

0 1649 1 1652 ¹
42 1604 274 1649 cuiusmodi
302 1604 406 1644 nihil
435 1605 478 1644 in
509 1605 639 1645 Ranis
667 1605 836 1658 legitur.
863 1607 934 1657 ⁷³)
991 1606 1079 1646 Sed
1109 1607 1162 1646 de
1191 1606 1370 1656 Pericle,
1402 1607 1518 1648 cuius

0 1700 2 1716 r
42 1683 166 1725 etiam
195 1684 472 1736 eloquentiam
502 1683 583 1724 hac
619 1684 662 1723 in
691 1683 833 1724 fabula
861 1685 1086 1737 praeclaris
1121 1685 1314 1726 laudibus
1343 1686 1517 1735 ornavit,

0 1750 3 1791 ἶ
41 1775 80 1814 v.
109 1763 351 1816 Leopardus
389 1762 567 1804 Emend.
596 1762 634 1805 V
665 1762 734 1802 14.
781 1763 880 1804 xvl
912 1764 967 1805 14
1003 1770 1046 1804 et
1086 1764 1429 1817 Wyuenbachius
1467 1764 1520 1805 ad

43 1841 256 1890 Plutarch.
289 1843 334 1883 S.
359 1843 409 1882 N.
425 1843 475 1884 V.
487 1856 530 1896 p.
559 1843 601 1883 7.
631 1843 685 1883 de
715 1842 886 1882 Periclis
915 1843 1044 1896 igitur
1071 1844 1152 1883 hac
1179 1844 1223 1883 in
1253 1843 1395 1883 fabula
1423 1857 1519 1896 par-

28 1921 152 1970 tibus
181 1933 287 1961 unus
318 1922 501 1962 omnium
530 1922 706 1962 maxime
735 1921 909 1974 insignis
947 1926 1011 1963 est
1041 1923 1255 1963 Plutarchi
1285 1923 1403 1964 locus
1434 1924 1518 1963 Pe-

35 2000 134 2056 vxicl.
170 2001 199 2041 ὃ
236 2005 280 2041 et
315 2001 385 2041 24.
433 2013 485 2042 ex
525 2012 609 2053 quo
652 2001 777 2040 etiam
823 2003 1111 2055 Myronfflem,
1140 2003 1351 2043 celebrem
1398 2002 1517 2042 illum

44 2080 194 2134 proelii
221 2080 334 2134 apud
350 2080 601 2133 Oenophyta
628 2080 839 2120 commissi
868 2080 1082 2132 victorem,
1110 2082 1152 2122 in
1183 2095 1307 2121 scena
1335 2080 1519 2121 adfuisse

43 2158 263 2208 discimus,
309 2159 364 2199 ad
405 2159 579 2199 Periclis
629 2158 1000 2212 interrogationem
1044 2161 1097 2201 de
1135 2161 1249 2211 filio,
1300 2172 1425 2212 quem
1469 2172 1519 2199 ex

43 2238 217 2290 Aspasia
258 2242 522 2290 susceperat,
560 2237 905 2289 respondentem3
942 2239 996 2278 ad
1032 2251 1158 2291 quem
1185 2238 1352 2278 fabulae
1380 2237 1519 2278 locum

44 2327 267 2366 respexere
297 2317 421 2356 etiam
450 2315 591 2356 Schol.
622 2315 786 2357 Platon.
815 2330 857 2370 p.
875 2317 957 2356 139
987 2323 1031 2358 et
1060 2319 1264 2371 Harpocr.
1294 2317 1423 2370 p.79.
1452 2317 1518 2357 Ex

44 2392 246 2434 Miltiadis
276 2395 484 2444 oratione,
521 2400 718 2435 monente
755 2396 878 2435 etiam
908 2396 1110 2436 Elmsleio
1139 2397 1191 2436 ad
1219 2397 1367 2450 Eurip.
1395 2395 1513 2438 Med.

47 2471 128 2511 389
159 2473 336 2512 servavit
365 2453 520 2525 aliquot
549 2486 693 2513 versus
724 2474 900 2527 Longin.
932 2475 983 2515 de
1014 2476 1130 2516 Subi.
1162 2476 1215 2515 16
1242 2476 1283 2516 3.

110 2654 179 2695 ⁷³)
211 2654 330 2691 nunc
359 2655 510 2693 accedo
541 2655 734 2695 Clintono
766 2657 881 2696 Fast.
913 2658 1025 2698 Hell.
1058 2671 1100 2711 p.
1130 2655 1307 2696 xxxvl
1338 2654 1516 2705 Kr.vp1o

159 2720 430 2763 aspectat-01³3
460 2712 679 2764 corrigenti
712 2710 954 2765 τραγικούς.
