<?xml version="1.0" encoding="UTF-8"?>
<!DOCTYPE html PUBLIC "-//W3C//DTD XHTML 1.0 Transitional//EN"
    "http://www.w3.org/TR/xhtml1/DTD/xhtml1-transitional.dtd">
<html xmlns="http://www.w3.org/1999/xhtml" xml:lang="en" lang="en">
 <head>
  <title>
</title>
<meta http-equiv="Content-Type" content="text/html;charset=utf-8" />
  <meta name='ocr-system' content='tesseract 3.04.00' />
  <meta name='ocr-capabilities' content='ocr_page ocr_carea ocr_par ocr_line ocrx_word'/>
</head>
<body>
  <div class='ocr_page' id='page_1' title='image "./fragmentacomicor01meinuoft_0121.png"; bbox 0 0 1702 3190; ppageno 0'>
   <div class='ocr_carea' id='block_1_1' title="bbox 636 149 1539 191">
    <p class='ocr_par' dir='ltr' id='par_1_1' title="bbox 636 149 1539 191">
     <span class='ocr_line' id='line_1_1' title="bbox 636 149 1539 191; baseline -0.004 0"><span class='ocrx_word' id='word_1_1' title='bbox 636 161 889 191; x_wconf 75' lang='lat' dir='ltr'><strong>nanmrrus.</strong></span> <span class='ocrx_word' id='word_1_2' title='bbox 1483 149 1539 187; x_wconf 83' lang='grc'><strong>99</strong></span> 
     </span>
    </p>
   </div>
   <div class='ocr_carea' id='block_1_2' title="bbox 24 255 1538 2536">
    <p class='ocr_par' dir='ltr' id='par_1_2' title="bbox 42 255 1538 1112">
     <span class='ocr_line' id='line_1_2' title="bbox 47 255 1538 320; baseline -0.007 -9"><span class='ocrx_word' id='word_1_3' title='bbox 47 272 167 312; x_wconf 81' lang='lat' dir='ltr'><strong>recte</strong></span> <span class='ocrx_word' id='word_1_4' title='bbox 194 267 492 320; x_wconf 81' lang='lat' dir='ltr'><strong>interpretatur</strong></span> <span class='ocrx_word' id='word_1_5' title='bbox 507 262 741 304; x_wconf 78' lang='lat' dir='ltr'><strong>Scholiasta</strong></span> <span class='ocrx_word' id='word_1_6' title='bbox 770 256 1002 315; x_wconf 61' lang='grc' dir='ltr'>ἁὸρῶςΜ)</span> <span class='ocrx_word' id='word_1_7' title='bbox 1030 258 1108 299; x_wconf 81' lang='grc' dir='ltr'><strong>καὶ</strong></span> <span class='ocrx_word' id='word_1_8' title='bbox 1132 255 1342 313; x_wconf 72' lang='grc' dir='ltr'><strong>μαλακαῖς</strong></span> <span class='ocrx_word' id='word_1_9' title='bbox 1371 256 1538 302; x_wconf 70' lang='grc' dir='ltr'><strong>σαυτὸιΙ</strong></span> 
     </span>
     <span class='ocr_line' id='line_1_3' title="bbox 49 339 1535 396; baseline -0.003 -9"><span class='ocrx_word' id='word_1_10' title='bbox 49 342 319 396; x_wconf 79' lang='grc' dir='ltr'><em>ὄιακίνησον.</em></span> <span class='ocrx_word' id='word_1_11' title='bbox 389 344 614 384; x_wconf 82' lang='lat' dir='ltr'><strong>Caeterum</strong></span> <span class='ocrx_word' id='word_1_12' title='bbox 653 340 874 393; x_wconf 86' lang='lat' dir='ltr'><strong>Hermippi</strong></span> <span class='ocrx_word' id='word_1_13' title='bbox 905 339 1058 388; x_wconf 77' lang='lat' dir='ltr'><strong>verba,</strong></span> <span class='ocrx_word' id='word_1_14' title='bbox 1097 352 1205 391; x_wconf 88' lang='lat' dir='ltr'><strong>quae</strong></span> <span class='ocrx_word' id='word_1_15' title='bbox 1247 340 1346 380; x_wconf 93' lang='lat' dir='ltr'><strong>olim</strong></span> <span class='ocrx_word' id='word_1_16' title='bbox 1375 340 1431 381; x_wconf 83' lang='lat' dir='ltr'><strong>de</strong></span> <span class='ocrx_word' id='word_1_17' title='bbox 1458 339 1535 383; x_wconf 87' lang='lat' dir='ltr'><strong>ho·</strong></span> 
     </span>
     <span class='ocr_line' id='line_1_4' title="bbox 47 418 1534 475; baseline -0.006 -6"><span class='ocrx_word' id='word_1_18' title='bbox 47 429 157 469; x_wconf 89' lang='lat' dir='ltr'><strong>mine</strong></span> <span class='ocrx_word' id='word_1_19' title='bbox 173 425 412 467; x_wconf 82' lang='lat' dir='ltr'><strong>effeminato</strong></span> <span class='ocrx_word' id='word_1_20' title='bbox 443 426 486 463; x_wconf 87' lang='lat' dir='ltr'><strong>et</strong></span> <span class='ocrx_word' id='word_1_21' title='bbox 515 420 681 475; x_wconf 73' lang='lat' dir='ltr'><strong>pathice</strong></span> <span class='ocrx_word' id='word_1_22' title='bbox 710 418 1027 472; x_wconf 83' lang='lat' dir='ltr'><strong>interpretabar,</strong></span> <span class='ocrx_word' id='word_1_23' title='bbox 1060 431 1170 457; x_wconf 84' lang='lat' dir='ltr'><strong>nune</strong></span> <span class='ocrx_word' id='word_1_24' title='bbox 1194 419 1251 458; x_wconf 86' lang='lat' dir='ltr'><strong>ita</strong></span> <span class='ocrx_word' id='word_1_25' title='bbox 1273 419 1534 472; x_wconf 73' lang='lat' dir='ltr'><strong>corrigenda.</strong></span> 
     </span>
     <span class='ocr_line' id='line_1_5' title="bbox 46 495 1533 560; baseline -0.003 -14"><span class='ocrx_word' id='word_1_26' title='bbox 46 499 230 560; x_wconf 67' lang='grc' dir='ltr'><em>ὕστερον</em></span> <span class='ocrx_word' id='word_1_27' title='bbox 274 497 471 542; x_wconf 80' lang='grc' dir='ltr'><em>δἀὐτοῦ</em></span> <span class='ocrx_word' id='word_1_28' title='bbox 513 496 772 556; x_wconf 76' lang='grc' dir='ltr'><em>στρατηγῶν</em></span> <span class='ocrx_word' id='word_1_29' title='bbox 813 495 904 538; x_wconf 85' lang='grc' dir='ltr'><em>κτλ.</em></span> <span class='ocrx_word' id='word_1_30' title='bbox 953 502 997 539; x_wconf 88' lang='lat' dir='ltr'><strong>et</strong></span> <span class='ocrx_word' id='word_1_31' title='bbox 1036 496 1090 538; x_wconf 88' lang='lat' dir='ltr'><strong>de</strong></span> <span class='ocrx_word' id='word_1_32' title='bbox 1128 497 1393 550; x_wconf 80' lang='lat' dir='ltr'><strong>Cylicranum</strong></span> <span class='ocrx_word' id='word_1_33' title='bbox 1435 500 1533 541; x_wconf 81' lang='lat' dir='ltr'><strong>civi·</strong></span> 
     </span>
     <span class='ocr_line' id='line_1_6' title="bbox 48 578 1532 636; baseline -0.004 -10"><span class='ocrx_word' id='word_1_34' title='bbox 48 589 135 626; x_wconf 82' lang='lat' dir='ltr'><strong>tate</strong></span> <span class='ocrx_word' id='word_1_35' title='bbox 168 582 437 636; x_wconf 82' lang='lat' dir='ltr'><strong>intelligenda</strong></span> <span class='ocrx_word' id='word_1_36' title='bbox 465 593 558 622; x_wconf 86' lang='lat' dir='ltr'><strong>esse</strong></span> <span class='ocrx_word' id='word_1_37' title='bbox 587 578 795 631; x_wconf 85' lang='lat' dir='ltr'><strong>suspicor,</strong></span> <span class='ocrx_word' id='word_1_38' title='bbox 835 590 959 631; x_wconf 88' lang='lat' dir='ltr'><strong>quam</strong></span> <span class='ocrx_word' id='word_1_39' title='bbox 989 589 1041 617; x_wconf 84' lang='lat' dir='ltr'><strong>ex</strong></span> <span class='ocrx_word' id='word_1_40' title='bbox 1070 589 1152 630; x_wconf 89' lang='lat' dir='ltr'><strong>quo</strong></span> <span class='ocrx_word' id='word_1_41' title='bbox 1182 583 1374 631; x_wconf 85' lang='lat' dir='ltr'><strong>tempore</strong></span> <span class='ocrx_word' id='word_1_42' title='bbox 1404 579 1532 620; x_wconf 84' lang='lat' dir='ltr'><strong>Lace-</strong></span> 
     </span>
     <span class='ocr_line' id='line_1_7' title="bbox 50 645 1532 709; baseline -0.007 -4"><span class='ocrx_word' id='word_1_43' title='bbox 50 665 254 705; x_wconf 84' lang='lat' dir='ltr'><strong>daemonii</strong></span> <span class='ocrx_word' id='word_1_44' title='bbox 290 661 447 703; x_wconf 80' lang='lat' dir='ltr'><strong>colonis</strong></span> <span class='ocrx_word' id='word_1_45' title='bbox 478 659 665 699; x_wconf 83' lang='lat' dir='ltr'><strong>auxerint</strong></span> <span class='ocrx_word' id='word_1_46' title='bbox 692 645 864 707; x_wconf 73' lang='grc' dir='ltr'><em>(οὖσαν</em></span> <span class='ocrx_word' id='word_1_47' title='bbox 892 654 1219 709; x_wconf 66' lang='grc' dir='ltr'><em>εἱλωτημένην)</em></span> <span class='ocrx_word' id='word_1_48' title='bbox 1248 658 1291 698; x_wconf 87' lang='lat' dir='ltr'><strong>in</strong></span> <span class='ocrx_word' id='word_1_49' title='bbox 1319 658 1463 699; x_wconf 69' lang='lat' dir='ltr'><strong>luxum</strong></span> <span class='ocrx_word' id='word_1_50' title='bbox 1492 669 1532 700; x_wconf 71' lang='lat' dir='ltr'><strong>et</strong></span> 
     </span>
     <span class='ocr_line' id='line_1_8' title="bbox 46 736 1534 794; baseline -0.003 -11"><span class='ocrx_word' id='word_1_51' title='bbox 46 744 265 783; x_wconf 87' lang='lat' dir='ltr'><strong>mollitiem</strong></span> <span class='ocrx_word' id='word_1_52' title='bbox 301 740 538 794; x_wconf 81' lang='lat' dir='ltr'><strong>prolapsam</strong></span> <span class='ocrx_word' id='word_1_53' title='bbox 580 750 674 778; x_wconf 85' lang='lat' dir='ltr'><strong>esse</strong></span> <span class='ocrx_word' id='word_1_54' title='bbox 711 736 825 776; x_wconf 80' lang='lat' dir='ltr'><strong>dicit.</strong></span> <span class='ocrx_word' id='word_1_55' title='bbox 899 736 1098 777; x_wconf 81' lang='lat' dir='ltr'><strong>Fortasse</strong></span> <span class='ocrx_word' id='word_1_56' title='bbox 1144 737 1271 790; x_wconf 82' lang='lat' dir='ltr'><strong>igitur</strong></span> <span class='ocrx_word' id='word_1_57' title='bbox 1306 737 1351 777; x_wconf 90' lang='lat' dir='ltr'><strong>hi</strong></span> <span class='ocrx_word' id='word_1_58' title='bbox 1389 751 1534 779; x_wconf 83' lang='lat' dir='ltr'><strong>versus</strong></span> 
     </span>
     <span class='ocr_line' id='line_1_9' title="bbox 46 815 1530 873; baseline -0.003 -11"><span class='ocrx_word' id='word_1_59' title='bbox 46 835 140 862; x_wconf 78' lang='lat' dir='ltr'><strong>cum</strong></span> <span class='ocrx_word' id='word_1_60' title='bbox 171 825 317 873; x_wconf 86' lang='lat' dir='ltr'><strong>quarto</strong></span> <span class='ocrx_word' id='word_1_61' title='bbox 347 820 583 871; x_wconf 85' lang='lat' dir='ltr'><strong>fragmento</strong></span> <span class='ocrx_word' id='word_1_62' title='bbox 620 815 898 869; x_wconf 81' lang='lat' dir='ltr'><strong>coniungendi</strong></span> <span class='ocrx_word' id='word_1_63' title='bbox 935 820 1044 856; x_wconf 87' lang='lat' dir='ltr'><strong>sunt.</strong></span> <span class='ocrx_word' id='word_1_64' title='bbox 1111 817 1203 858; x_wconf 83' lang='lat' dir='ltr'><strong>Nisi</strong></span> <span class='ocrx_word' id='word_1_65' title='bbox 1233 817 1530 870; x_wconf 87' lang='lat' dir='ltr'><strong>Lepreatarum</strong></span> 
     </span>
     <span class='ocr_line' id='line_1_10' title="bbox 46 895 1531 951; baseline -0.003 -10"><span class='ocrx_word' id='word_1_66' title='bbox 46 901 253 942; x_wconf 81' lang='lat' dir='ltr'><strong>civitatem</strong></span> <span class='ocrx_word' id='word_1_67' title='bbox 302 898 541 951; x_wconf 82' lang='lat' dir='ltr'><strong>intelligere</strong></span> <span class='ocrx_word' id='word_1_68' title='bbox 587 899 790 949; x_wconf 81' lang='lat' dir='ltr'><strong>praestat,</strong></span> <span class='ocrx_word' id='word_1_69' title='bbox 841 895 884 935; x_wconf 88' lang='lat' dir='ltr'><strong>in</strong></span> <span class='ocrx_word' id='word_1_70' title='bbox 933 907 1056 947; x_wconf 88' lang='lat' dir='ltr'><strong>quam</strong></span> <span class='ocrx_word' id='word_1_71' title='bbox 1103 895 1271 948; x_wconf 83' lang='lat' dir='ltr'><strong>Olymp.</strong></span> <span class='ocrx_word' id='word_1_72' title='bbox 1315 896 1531 938; x_wconf 85' lang='lat' dir='ltr'><strong>LXXXIX</strong></span> 
     </span>
     <span class='ocr_line' id='line_1_11' title="bbox 47 973 1527 1020; baseline -0.003 0"><span class='ocrx_word' id='word_1_73' title='bbox 47 984 222 1020; x_wconf 82' lang='lat' dir='ltr'><strong>exeunte</strong></span> <span class='ocrx_word' id='word_1_74' title='bbox 252 979 428 1019; x_wconf 86' lang='lat' dir='ltr'><strong>Helotas</strong></span> <span class='ocrx_word' id='word_1_75' title='bbox 460 991 484 1018; x_wconf 86' lang='lat' dir='ltr'><strong>a</strong></span> <span class='ocrx_word' id='word_1_76' title='bbox 512 974 852 1016; x_wconf 82' lang='lat' dir='ltr'><strong>Lacedaemoniis</strong></span> <span class='ocrx_word' id='word_1_77' title='bbox 891 973 1094 1014; x_wconf 79' lang='lat' dir='ltr'><strong>deductos</strong></span> <span class='ocrx_word' id='word_1_78' title='bbox 1134 988 1228 1015; x_wconf 87' lang='lat' dir='ltr'><strong>esse</strong></span> <span class='ocrx_word' id='word_1_79' title='bbox 1260 975 1384 1016; x_wconf 83' lang='lat' dir='ltr'><strong>docet</strong></span> <span class='ocrx_word' id='word_1_80' title='bbox 1414 976 1527 1016; x_wconf 90' lang='lat' dir='ltr'><strong>Thu-</strong></span> 
     </span>
     <span class='ocr_line' id='line_1_12' title="bbox 42 1053 1496 1112; baseline -0.003 -12"><span class='ocrx_word' id='word_1_81' title='bbox 42 1059 139 1112; x_wconf 71' lang='lat' dir='ltr'><strong>tyd.</strong></span> <span class='ocrx_word' id='word_1_82' title='bbox 168 1059 205 1100; x_wconf 92' lang='lat' dir='ltr'><strong>V</strong></span> <span class='ocrx_word' id='word_1_83' title='bbox 236 1058 304 1098; x_wconf 69' lang='lat'><strong>34.</strong></span> <span class='ocrx_word' id='word_1_84' title='bbox 364 1055 598 1096; x_wconf 81' lang='lat' dir='ltr'><strong>Incolarum</strong></span> <span class='ocrx_word' id='word_1_85' title='bbox 627 1054 832 1094; x_wconf 83' lang='lat' dir='ltr'>luxuriem</span> <span class='ocrx_word' id='word_1_86' title='bbox 861 1058 977 1094; x_wconf 86' lang='lat' dir='ltr'><strong>notat</strong></span> <span class='ocrx_word' id='word_1_87' title='bbox 1005 1053 1217 1106; x_wconf 87' lang='lat' dir='ltr'><strong>Aristoph.</strong></span> <span class='ocrx_word' id='word_1_88' title='bbox 1246 1055 1367 1096; x_wconf 86' lang='lat' dir='ltr'><strong>Avib.</strong></span> <span class='ocrx_word' id='word_1_89' title='bbox 1397 1055 1496 1096; x_wconf 83' lang='lat'>151.</span> 
     </span>
    </p>

    <p class='ocr_par' dir='ltr' id='par_1_3' title="bbox 43 1129 1531 1662">
     <span class='ocr_line' id='line_1_13' title="bbox 159 1129 1531 1188; baseline -0.006 -8"><span class='ocrx_word' id='word_1_90' title='bbox 159 1138 234 1180; x_wconf 84' lang='lat' dir='ltr'><strong>Vl.</strong></span> <span class='ocrx_word' id='word_1_91' title='bbox 293 1135 523 1176; x_wconf 82' lang='lat' dir='ltr'><strong>Scholiasta</strong></span> <span class='ocrx_word' id='word_1_92' title='bbox 551 1132 843 1186; x_wconf 83' lang='lat' dir='ltr'><strong>Aristophanis</strong></span> <span class='ocrx_word' id='word_1_93' title='bbox 874 1133 949 1172; x_wconf 88' lang='lat' dir='ltr'><strong>Av.</strong></span> <span class='ocrx_word' id='word_1_94' title='bbox 967 1133 1052 1172; x_wconf 80' lang='lat'><strong>304</strong></span> <span class='ocrx_word' id='word_1_95' title='bbox 1081 1131 1344 1188; x_wconf 66' lang='grc' dir='ltr'><em>κεβλήπυρις</em></span> <span class='ocrx_word' id='word_1_96' title='bbox 1373 1130 1420 1173; x_wconf 78' lang='grc' dir='ltr'><strong>δὲ</strong></span> <span class='ocrx_word' id='word_1_97' title='bbox 1448 1129 1531 1187; x_wconf 86' lang='grc' dir='ltr'><strong>μή-</strong></span> 
     </span>
     <span class='ocr_line' id='line_1_14' title="bbox 46 1206 1531 1267; baseline -0.001 -12"><span class='ocrx_word' id='word_1_98' title='bbox 46 1228 152 1255; x_wconf 81' lang='grc' dir='ltr'><em>ποτε</em></span> <span class='ocrx_word' id='word_1_99' title='bbox 182 1210 261 1267; x_wconf 83' lang='grc' dir='ltr'><strong>οὐχ</strong></span> <span class='ocrx_word' id='word_1_100' title='bbox 298 1211 344 1253; x_wconf 78' lang='grc' dir='ltr'><strong>ἓν</strong></span> <span class='ocrx_word' id='word_1_101' title='bbox 382 1211 504 1253; x_wconf 76' lang='grc' dir='ltr'><em>ἐστιν</em></span> <span class='ocrx_word' id='word_1_102' title='bbox 532 1208 646 1251; x_wconf 75' lang='grc' dir='ltr'><em>ἀλλὰ</em></span> <span class='ocrx_word' id='word_1_103' title='bbox 676 1207 777 1259; x_wconf 75' lang='grc' dir='ltr'><em>δύο,</em></span> <span class='ocrx_word' id='word_1_104' title='bbox 816 1209 957 1263; x_wconf 71' lang='grc' dir='ltr'><em>ᾳησὶν</em></span> <span class='ocrx_word' id='word_1_105' title='bbox 993 1206 1018 1250; x_wconf 88' lang='grc' dir='ltr'>ὁ</span> <span class='ocrx_word' id='word_1_106' title='bbox 1047 1208 1303 1266; x_wconf 79' lang='grc' dir='ltr'><em>Σύμμαχος.</em></span> <span class='ocrx_word' id='word_1_107' title='bbox 1363 1212 1443 1253; x_wconf 84' lang='grc' dir='ltr'><strong>καὶ</strong></span> <span class='ocrx_word' id='word_1_108' title='bbox 1483 1211 1531 1253; x_wconf 73' lang='grc' dir='ltr'><strong>ἐν</strong></span> 
     </span>
     <span class='ocr_line' id='line_1_15' title="bbox 45 1285 1528 1346; baseline -0.002 -11"><span class='ocrx_word' id='word_1_109' title='bbox 45 1294 136 1342; x_wconf 83' lang='grc' dir='ltr'><em>τοῖς</em></span> <span class='ocrx_word' id='word_1_110' title='bbox 166 1287 456 1345; x_wconf 79' lang='grc' dir='ltr'><em>Καλλιμάχου</em></span> <span class='ocrx_word' id='word_1_111' title='bbox 482 1293 564 1346; x_wconf 78' lang='grc' dir='ltr'><strong>μὲν</strong></span> <span class='ocrx_word' id='word_1_112' title='bbox 593 1291 655 1345; x_wconf 85' lang='lat' dir='ltr'><strong>(p.</strong></span> <span class='ocrx_word' id='word_1_113' title='bbox 686 1291 774 1331; x_wconf 80' lang='lat'><strong>219</strong></span> <span class='ocrx_word' id='word_1_114' title='bbox 804 1290 979 1342; x_wconf 84' lang='lat' dir='ltr'><strong>Blomf.)</strong></span> <span class='ocrx_word' id='word_1_115' title='bbox 1018 1285 1353 1346; x_wconf 67' lang='grc' dir='ltr'><em>ἀναγέγραπται</em></span> <span class='ocrx_word' id='word_1_116' title='bbox 1380 1290 1528 1345; x_wconf 77' lang='grc' dir='ltr'><em>κέβλη,</em></span> 
     </span>
     <span class='ocr_line' id='line_1_16' title="bbox 45 1363 1525 1428; baseline -0.001 -14"><span class='ocrx_word' id='word_1_117' title='bbox 45 1363 140 1415; x_wconf 70' lang='grc' dir='ltr'><em>εἶτα</em></span> <span class='ocrx_word' id='word_1_118' title='bbox 169 1368 357 1428; x_wconf 75' lang='grc' dir='ltr'><em>μύρμηξ.</em></span> <span class='ocrx_word' id='word_1_119' title='bbox 388 1370 447 1424; x_wconf 74' lang='grc' dir='ltr'><strong>[ἐν</strong></span> <span class='ocrx_word' id='word_1_120' title='bbox 476 1369 536 1423; x_wconf 77' lang='grc' dir='ltr'><strong>δὲ]</strong></span> <span class='ocrx_word' id='word_1_121' title='bbox 563 1365 820 1424; x_wconf 60' lang='grc' dir='ltr'><strong>ς,Ερμίππου</strong></span> <span class='ocrx_word' id='word_1_122' title='bbox 857 1368 1173 1425; x_wconf 74' lang='grc' dir='ltr'><em>Τετραμέτροις</em></span> <span class='ocrx_word' id='word_1_123' title='bbox 1202 1371 1278 1410; x_wconf 81' lang='grc' dir='ltr'><strong>καὶ</strong></span> <span class='ocrx_word' id='word_1_124' title='bbox 1311 1368 1525 1425; x_wconf 70' lang='grc' dir='ltr'><em>Θεμιστο-</em></span> 
     </span>
     <span class='ocr_line' id='line_1_17' title="bbox 43 1444 1529 1506; baseline -0.002 -12"><span class='ocrx_word' id='word_1_125' title='bbox 43 1451 191 1500; x_wconf 76' lang='grc' dir='ltr'><em>κλέους</em></span> <span class='ocrx_word' id='word_1_126' title='bbox 219 1448 298 1491; x_wconf 84' lang='grc' dir='ltr'><strong>τὸν</strong></span> <span class='ocrx_word' id='word_1_127' title='bbox 328 1446 499 1506; x_wconf 81' lang='grc' dir='ltr'><em>πρωνός</em></span> <span class='ocrx_word' id='word_1_128' title='bbox 536 1463 601 1498; x_wconf 78' lang='grc' dir='ltr'><strong>τις</strong></span> <span class='ocrx_word' id='word_1_129' title='bbox 628 1445 692 1489; x_wconf 67' lang='grc' dir='ltr'><strong>οἳν</strong></span> <span class='ocrx_word' id='word_1_130' title='bbox 720 1444 985 1504; x_wconf 76' lang='grc' dir='ltr'><em>κεβλήπυρίς</em></span> <span class='ocrx_word' id='word_1_131' title='bbox 1022 1463 1087 1498; x_wconf 79' lang='grc' dir='ltr'><strong>τις</strong></span> <span class='ocrx_word' id='word_1_132' title='bbox 1116 1445 1389 1504; x_wconf 71' lang='grc' dir='ltr'><em>ὀιόμαζεται.</em></span> <span class='ocrx_word' id='word_1_133' title='bbox 1455 1452 1529 1492; x_wconf 87' lang='lat' dir='ltr'><strong>Ni-</strong></span> 
     </span>
     <span class='ocr_line' id='line_1_18' title="bbox 43 1526 1531 1586; baseline -0.004 -11"><span class='ocrx_word' id='word_1_134' title='bbox 43 1533 103 1575; x_wconf 82' lang='lat' dir='ltr'><strong>hil</strong></span> <span class='ocrx_word' id='word_1_135' title='bbox 133 1533 347 1586; x_wconf 84' lang='lat' dir='ltr'><strong>proficitur</strong></span> <span class='ocrx_word' id='word_1_136' title='bbox 376 1532 555 1572; x_wconf 86' lang='lat' dir='ltr'><strong>Dobraei</strong></span> <span class='ocrx_word' id='word_1_137' title='bbox 584 1531 846 1579; x_wconf 83' lang='lat' dir='ltr'><strong>coniectura,</strong></span> <span class='ocrx_word' id='word_1_138' title='bbox 883 1531 954 1582; x_wconf 84' lang='lat' dir='ltr'><strong>qui</strong></span> <span class='ocrx_word' id='word_1_139' title='bbox 991 1531 1118 1570; x_wconf 89' lang='lat' dir='ltr'><strong>verba</strong></span> <span class='ocrx_word' id='word_1_140' title='bbox 1158 1527 1236 1569; x_wconf 79' lang='grc' dir='ltr'><strong>τὸν</strong></span> <span class='ocrx_word' id='word_1_141' title='bbox 1266 1526 1438 1585; x_wconf 73' lang='grc' dir='ltr'><em>πρωνός</em></span> <span class='ocrx_word' id='word_1_142' title='bbox 1465 1543 1531 1578; x_wconf 81' lang='grc' dir='ltr'><strong>τις</strong></span> 
     </span>
     <span class='ocr_line' id='line_1_19' title="bbox 44 1601 1243 1662; baseline -0.002 -9"><span class='ocrx_word' id='word_1_143' title='bbox 44 1606 110 1653; x_wconf 70' lang='grc' dir='ltr'><strong>ὂν</strong></span> <span class='ocrx_word' id='word_1_144' title='bbox 134 1614 193 1654; x_wconf 87' lang='lat' dir='ltr'><strong>ita</strong></span> <span class='ocrx_word' id='word_1_145' title='bbox 222 1611 446 1652; x_wconf 87' lang='lat' dir='ltr'><strong>emendare</strong></span> <span class='ocrx_word' id='word_1_146' title='bbox 476 1611 702 1651; x_wconf 87' lang='lat' dir='ltr'><strong>conabatur</strong></span> <span class='ocrx_word' id='word_1_147' title='bbox 728 1601 788 1657; x_wconf 70' lang='grc' dir='ltr'><strong>ὥς</strong></span> <span class='ocrx_word' id='word_1_148' title='bbox 815 1621 884 1657; x_wconf 83' lang='grc' dir='ltr'><strong>τις</strong></span> <span class='ocrx_word' id='word_1_149' title='bbox 910 1604 974 1648; x_wconf 73' lang='grc' dir='ltr'><strong>ὤν</strong></span> <span class='ocrx_word' id='word_1_150' title='bbox 1003 1605 1243 1662; x_wconf 78' lang='grc' dir='ltr'><em>κοπρώνης.</em></span> 
     </span>
    </p>

    <p class='ocr_par' dir='ltr' id='par_1_4' title="bbox 24 1683 1530 2536">
     <span class='ocr_line' id='line_1_20' title="bbox 83 1683 1526 1742; baseline -0.005 -9"><span class='ocrx_word' id='word_1_151' title='bbox 83 1694 86 1695; x_wconf 66' lang='grc'>’</span> <span class='ocrx_word' id='word_1_152' title='bbox 159 1693 254 1735; x_wconf 90' lang='lat' dir='ltr'><strong>Vll.</strong></span> <span class='ocrx_word' id='word_1_153' title='bbox 313 1690 556 1731; x_wconf 70' lang='lat' dir='ltr'><strong>Athenaeus</strong></span> <span class='ocrx_word' id='word_1_154' title='bbox 598 1689 675 1731; x_wconf 91' lang='lat' dir='ltr'><strong>XV</strong></span> <span class='ocrx_word' id='word_1_155' title='bbox 723 1702 766 1742; x_wconf 84' lang='lat' dir='ltr'><strong>p.</strong></span> <span class='ocrx_word' id='word_1_156' title='bbox 815 1690 896 1730; x_wconf 78' lang='lat'><strong>667</strong></span> <span class='ocrx_word' id='word_1_157' title='bbox 929 1690 969 1730; x_wconf 89' lang='lat' dir='ltr'><strong>d.</strong></span> <span class='ocrx_word' id='word_1_158' title='bbox 1029 1683 1192 1742; x_wconf 80' lang='grc' dir='ltr'><em>ὁμοίως</em></span> <span class='ocrx_word' id='word_1_159' title='bbox 1237 1686 1526 1742; x_wconf 68' lang='grc' dir='ltr'><strong>διεξέρχονται</strong></span> 
     </span>
     <span class='ocr_line' id='line_1_21' title="bbox 24 1768 1528 1827; baseline -0.005 -13"><span class='ocrx_word' id='word_1_160' title='bbox 24 1772 156 1827; x_wconf 65' lang='lat' dir='ltr'><strong>(soil.</strong></span> <span class='ocrx_word' id='word_1_161' title='bbox 188 1772 241 1811; x_wconf 84' lang='lat' dir='ltr'><strong>de</strong></span> <span class='ocrx_word' id='word_1_162' title='bbox 272 1770 425 1810; x_wconf 90' lang='lat' dir='ltr'><strong>cottabi</strong></span> <span class='ocrx_word' id='word_1_163' title='bbox 454 1770 568 1819; x_wconf 85' lang='lat' dir='ltr'><strong>ludo,</strong></span> <span class='ocrx_word' id='word_1_164' title='bbox 597 1770 640 1809; x_wconf 88' lang='lat' dir='ltr'><strong>in</strong></span> <span class='ocrx_word' id='word_1_165' title='bbox 671 1781 754 1821; x_wconf 90' lang='lat' dir='ltr'><strong>quo</strong></span> <span class='ocrx_word' id='word_1_166' title='bbox 785 1782 861 1824; x_wconf 82' lang='lat' dir='ltr'><strong>ova</strong></span> <span class='ocrx_word' id='word_1_167' title='bbox 891 1773 934 1808; x_wconf 87' lang='lat' dir='ltr'><strong>et</strong></span> <span class='ocrx_word' id='word_1_168' title='bbox 963 1768 1136 1808; x_wconf 88' lang='lat' dir='ltr'><strong>bellaria</strong></span> <span class='ocrx_word' id='word_1_169' title='bbox 1154 1768 1378 1809; x_wconf 68' lang='lat' dir='ltr'><strong>victoribus</strong></span> <span class='ocrx_word' id='word_1_170' title='bbox 1409 1780 1528 1820; x_wconf 85' lang='lat' dir='ltr'><strong>prae-</strong></span> 
     </span>
     <span class='ocr_line' id='line_1_22' title="bbox 47 1842 1509 1904; baseline -0.005 -12"><span class='ocrx_word' id='word_1_171' title='bbox 47 1853 128 1893; x_wconf 81' lang='lat' dir='ltr'><strong>mia</strong></span> <span class='ocrx_word' id='word_1_172' title='bbox 164 1848 530 1904; x_wconf 86' lang='lat' dir='ltr'><strong>proponebantur)</strong></span> <span class='ocrx_word' id='word_1_173' title='bbox 570 1842 900 1902; x_wconf 74' lang='grc' dir='ltr'><em>Κηφισόδωρος</em></span> <span class='ocrx_word' id='word_1_174' title='bbox 939 1844 986 1886; x_wconf 81' lang='grc' dir='ltr'><strong>ἐν</strong></span> <span class='ocrx_word' id='word_1_175' title='bbox 1021 1844 1263 1903; x_wconf 67' lang='grc' dir='ltr'><em>Ἱροςτωνιῳ</em></span> <span class='ocrx_word' id='word_1_176' title='bbox 1298 1846 1374 1885; x_wconf 84' lang='grc' dir='ltr'><strong>καὶ</strong></span> <span class='ocrx_word' id='word_1_177' title='bbox 1406 1843 1509 1886; x_wconf 58' lang='lat' dir='ltr'><strong>[iaz</strong></span> 
     </span>
     <span class='ocr_line' id='line_1_23' title="bbox 45 1919 1522 1981; baseline -0.005 -11"><span class='ocrx_word' id='word_1_178' title='bbox 45 1925 145 1978; x_wconf 73' lang='grc' dir='ltr'><strong>λίας</strong></span> <span class='ocrx_word' id='word_1_179' title='bbox 172 1927 220 1969; x_wconf 80' lang='grc' dir='ltr'><strong>ἐν</strong></span> <span class='ocrx_word' id='word_1_180' title='bbox 249 1924 468 1981; x_wconf 82' lang='grc' dir='ltr'><em>Κύκλωψι</em></span> <span class='ocrx_word' id='word_1_181' title='bbox 495 1925 571 1967; x_wconf 84' lang='grc' dir='ltr'><strong>καὶ</strong></span> <span class='ocrx_word' id='word_1_182' title='bbox 599 1922 794 1974; x_wconf 77' lang='grc' dir='ltr'><em>Εὔπολις</em></span> <span class='ocrx_word' id='word_1_183' title='bbox 824 1919 1081 1979; x_wconf 70' lang='grc' dir='ltr'><em>“Ὲρμιππός</em></span> <span class='ocrx_word' id='word_1_184' title='bbox 1121 1939 1166 1974; x_wconf 55' lang='grc' dir='ltr'><em>τὲ</em></span> <span class='ocrx_word' id='word_1_185' title='bbox 1197 1924 1243 1966; x_wconf 79' lang='grc' dir='ltr'><strong>ἐν</strong></span> <span class='ocrx_word' id='word_1_186' title='bbox 1274 1925 1364 1973; x_wconf 86' lang='grc' dir='ltr'><em>τοῖς</em></span> <span class='ocrx_word' id='word_1_187' title='bbox 1402 1919 1522 1977; x_wconf 83' lang='grc' dir='ltr'><em>Ἰάμ-</em></span> 
     </span>
     <span class='ocr_line' id='line_1_24' title="bbox 36 2008 157 2065; baseline 0.017 -15"><span class='ocrx_word' id='word_1_188' title='bbox 36 2008 157 2065; x_wconf 79' lang='grc' dir='ltr'><em>-βοις,</em></span> 
     </span>
     <span class='ocr_line' id='line_1_25' title="bbox 54 2075 1525 2139; baseline -0.009 -6"><span class='ocrx_word' id='word_1_189' title='bbox 54 2119 60 2122; x_wconf 92' lang='grc'>-</span> <span class='ocrx_word' id='word_1_190' title='bbox 159 2088 277 2132; x_wconf 87' lang='lat' dir='ltr'><strong>VIII.</strong></span> <span class='ocrx_word' id='word_1_191' title='bbox 334 2085 575 2128; x_wconf 83' lang='lat' dir='ltr'><strong>Athenaeus</strong></span> <span class='ocrx_word' id='word_1_192' title='bbox 611 2085 691 2128; x_wconf 86' lang='lat' dir='ltr'><strong>XV</strong></span> <span class='ocrx_word' id='word_1_193' title='bbox 719 2099 762 2139; x_wconf 88' lang='lat' dir='ltr'><strong>p.</strong></span> <span class='ocrx_word' id='word_1_194' title='bbox 790 2085 875 2126; x_wconf 80' lang='lat'><strong>700</strong></span> <span class='ocrx_word' id='word_1_195' title='bbox 892 2085 932 2126; x_wconf 85' lang='lat' dir='ltr'><strong>d.</strong></span> <span class='ocrx_word' id='word_1_196' title='bbox 967 2075 1223 2139; x_wconf 72' lang='grc' dir='ltr'><em>“Ἐρμιππος</em></span> <span class='ocrx_word' id='word_1_197' title='bbox 1260 2077 1342 2122; x_wconf 77' lang='grc' dir='ltr'><strong>δ’ὁ</strong></span> <span class='ocrx_word' id='word_1_198' title='bbox 1378 2095 1525 2138; x_wconf 79' lang='grc' dir='ltr'><em>κωμῳ-</em></span> 
     </span>
     <span class='ocr_line' id='line_1_26' title="bbox 50 2156 1530 2218; baseline -0.005 -11"><span class='ocrx_word' id='word_1_199' title='bbox 50 2163 249 2214; x_wconf 82' lang='grc' dir='ltr'><em>διοποιὸς</em></span> <span class='ocrx_word' id='word_1_200' title='bbox 285 2163 332 2204; x_wconf 78' lang='grc' dir='ltr'><strong>ἐν</strong></span> <span class='ocrx_word' id='word_1_201' title='bbox 366 2159 573 2218; x_wconf 82' lang='grc' dir='ltr'><em>Ἰάμβοις</em></span> <span class='ocrx_word' id='word_1_202' title='bbox 610 2160 661 2204; x_wconf 88' lang='grc' dir='ltr'><strong>τὸ</strong></span> <span class='ocrx_word' id='word_1_203' title='bbox 699 2159 1016 2218; x_wconf 83' lang='grc' dir='ltr'><em>στρατιωτικὸν</em></span> <span class='ocrx_word' id='word_1_204' title='bbox 1067 2162 1264 2216; x_wconf 75' lang='grc' dir='ltr'><em>λυχνεῖον</em></span> <span class='ocrx_word' id='word_1_205' title='bbox 1305 2156 1530 2201; x_wconf 60' lang='grc' dir='ltr'><em>σύνθετοι</em></span> 
     </span>
     <span class='ocr_line' id='line_1_27' title="bbox 51 2239 1526 2299; baseline -0.006 -11"><span class='ocrx_word' id='word_1_206' title='bbox 51 2239 188 2294; x_wconf 72' lang='grc' dir='ltr'><em>οὕτως</em></span> <span class='ocrx_word' id='word_1_207' title='bbox 215 2239 431 2299; x_wconf 72' lang='grc' dir='ltr'><em>ὀνομάζει.</em></span> <span class='ocrx_word' id='word_1_208' title='bbox 498 2245 561 2285; x_wconf 88' lang='lat' dir='ltr'><strong>De</strong></span> <span class='ocrx_word' id='word_1_209' title='bbox 598 2243 768 2284; x_wconf 88' lang='lat' dir='ltr'><strong>lucerna</strong></span> <span class='ocrx_word' id='word_1_210' title='bbox 798 2243 964 2283; x_wconf 86' lang='lat' dir='ltr'><strong>militari</strong></span> <span class='ocrx_word' id='word_1_211' title='bbox 1003 2243 1079 2284; x_wconf 84' lang='lat' dir='ltr'><strong>cfr.</strong></span> <span class='ocrx_word' id='word_1_212' title='bbox 1110 2242 1368 2294; x_wconf 87' lang='lat' dir='ltr'><strong>Antiphanes</strong></span> <span class='ocrx_word' id='word_1_213' title='bbox 1398 2240 1526 2280; x_wconf 86' lang='lat' dir='ltr'><strong>Athe·</strong></span> 
     </span>
     <span class='ocr_line' id='line_1_28' title="bbox 52 2317 1527 2378; baseline -0.005 -12"><span class='ocrx_word' id='word_1_214' title='bbox 52 2327 147 2367; x_wconf 82' lang='lat' dir='ltr'><strong>naei</strong></span> <span class='ocrx_word' id='word_1_215' title='bbox 174 2339 216 2378; x_wconf 88' lang='lat' dir='ltr'><strong>p.</strong></span> <span class='ocrx_word' id='word_1_216' title='bbox 245 2325 327 2364; x_wconf 77' lang='lat'><strong>699</strong></span> <span class='ocrx_word' id='word_1_217' title='bbox 344 2337 386 2368; x_wconf 52' lang='lat' dir='ltr'><strong>c„</strong></span> <span class='ocrx_word' id='word_1_218' title='bbox 409 2317 644 2363; x_wconf 76' lang='grc' dir='ltr'><em>Σύνθετον</em></span> <span class='ocrx_word' id='word_1_219' title='bbox 671 2327 788 2363; x_wconf 86' lang='lat' dir='ltr'><strong>recte</strong></span> <span class='ocrx_word' id='word_1_220' title='bbox 804 2322 1038 2374; x_wconf 80' lang='lat' dir='ltr'><strong>Schweigh.</strong></span> <span class='ocrx_word' id='word_1_221' title='bbox 1058 2322 1358 2373; x_wconf 68' lang='lat' dir='ltr'><strong>interpretatur</strong></span> <span class='ocrx_word' id='word_1_222' title='bbox 1387 2320 1441 2359; x_wconf 91' lang='lat' dir='ltr'><strong>de</strong></span> <span class='ocrx_word' id='word_1_223' title='bbox 1470 2319 1527 2359; x_wconf 91' lang='lat' dir='ltr'><strong>la-</strong></span> 
     </span>
     <span class='ocr_line' id='line_1_29' title="bbox 54 2400 1527 2456; baseline -0.005 -10"><span class='ocrx_word' id='word_1_224' title='bbox 54 2405 176 2446; x_wconf 81' lang='lat' dir='ltr'><strong>minis</strong></span> <span class='ocrx_word' id='word_1_225' title='bbox 214 2403 378 2444; x_wconf 80' lang='lat' dir='ltr'><strong>corneis</strong></span> <span class='ocrx_word' id='word_1_226' title='bbox 406 2404 475 2443; x_wconf 82' lang='lat' dir='ltr'><strong>vel</strong></span> <span class='ocrx_word' id='word_1_227' title='bbox 504 2403 654 2456; x_wconf 84' lang='lat' dir='ltr'><strong>ligneis</strong></span> <span class='ocrx_word' id='word_1_228' title='bbox 693 2415 744 2441; x_wconf 86' lang='lat' dir='ltr'><strong>ex</strong></span> <span class='ocrx_word' id='word_1_229' title='bbox 772 2401 921 2452; x_wconf 82' lang='lat' dir='ltr'><strong>quibus</strong></span> <span class='ocrx_word' id='word_1_230' title='bbox 951 2400 1155 2440; x_wconf 82' lang='lat' dir='ltr'><strong>eiusmodi</strong></span> <span class='ocrx_word' id='word_1_231' title='bbox 1191 2400 1389 2440; x_wconf 81' lang='lat' dir='ltr'><strong>lucernae</strong></span> <span class='ocrx_word' id='word_1_232' title='bbox 1417 2412 1527 2439; x_wconf 86' lang='lat' dir='ltr'><strong>com-</strong></span> 
     </span>
     <span class='ocr_line' id='line_1_30' title="bbox 55 2484 788 2536; baseline -0.004 -13"><span class='ocrx_word' id='word_1_233' title='bbox 55 2484 214 2536; x_wconf 81' lang='lat' dir='ltr'><strong>positae</strong></span> <span class='ocrx_word' id='word_1_234' title='bbox 245 2486 287 2522; x_wconf 84' lang='lat' dir='ltr'><strong>et</strong></span> <span class='ocrx_word' id='word_1_235' title='bbox 317 2486 628 2535; x_wconf 81' lang='lat' dir='ltr'><strong>coagmentatae</strong></span> <span class='ocrx_word' id='word_1_236' title='bbox 658 2484 788 2521; x_wconf 85' lang='lat' dir='ltr'><strong>erant.</strong></span> 
     </span>
    </p>
   </div>
   <div class='ocr_carea' id='block_1_3' title="bbox 59 2565 319 2574">
    <p class='ocr_par' dir='ltr' id='par_1_5' title="bbox 59 2565 319 2574">
     <span class='ocr_line' id='line_1_31' title="bbox 59 2565 319 2574; baseline 0 0"><span class='ocrx_word' id='word_1_237' title='bbox 59 2565 319 2574; x_wconf 95' lang='lat' dir='ltr'><strong> </strong></span> 
     </span>
    </p>
   </div>
   <div class='ocr_carea' id='block_1_4' title="bbox 90 2596 1529 2772">
    <p class='ocr_par' dir='ltr' id='par_1_6' title="bbox 90 2596 1529 2769">
     <span class='ocr_line' id='line_1_32' title="bbox 90 2596 1529 2680; baseline -0.004 -35"><span class='ocrx_word' id='word_1_238' title='bbox 90 2607 162 2657; x_wconf 71' lang='grc' dir='ltr'><strong>Η)</strong></span> <span class='ocrx_word' id='word_1_239' title='bbox 193 2605 329 2657; x_wconf 83' lang='lat' dir='ltr'><strong>Vulgo</strong></span> <span class='ocrx_word' id='word_1_240' title='bbox 359 2599 522 2680; x_wconf 43' lang='grc' dir='ltr'><strong>ἁβριῖξ,</strong></span> <span class='ocrx_word' id='word_1_241' title='bbox 551 2616 626 2656; x_wconf 88' lang='lat' dir='ltr'><strong>pro</strong></span> <span class='ocrx_word' id='word_1_242' title='bbox 658 2616 738 2666; x_wconf 90' lang='lat' dir='ltr'><strong>quo</strong></span> <span class='ocrx_word' id='word_1_243' title='bbox 769 2596 909 2655; x_wconf 73' lang='grc' dir='ltr'><em>ἁδραῖς</em></span> <span class='ocrx_word' id='word_1_244' title='bbox 938 2601 1128 2665; x_wconf 76' lang='lat' dir='ltr'><strong>praebuit</strong></span> <span class='ocrx_word' id='word_1_245' title='bbox 1159 2599 1300 2640; x_wconf 89' lang='lat' dir='ltr'><strong>Schol.</strong></span> <span class='ocrx_word' id='word_1_246' title='bbox 1328 2599 1529 2642; x_wconf 85' lang='lat' dir='ltr'><strong>Venetus.</strong></span> 
     </span>
     <span class='ocr_line' id='line_1_33' title="bbox 170 2641 1514 2715; baseline -0.004 -15"><span class='ocrx_word' id='word_1_247' title='bbox 170 2661 421 2713; x_wconf 79' lang='lat' dir='ltr'><strong>Hesychius,</strong></span> <span class='ocrx_word' id='word_1_248' title='bbox 452 2659 653 2700; x_wconf 53' lang='lat' dir='ltr'><strong>..haimom</strong></span> <span class='ocrx_word' id='word_1_249' title='bbox 684 2641 848 2715; x_wconf 77' lang='grc' dir='ltr'><em>ἁβρόν,</em></span> <span class='ocrx_word' id='word_1_250' title='bbox 879 2658 983 2711; x_wconf 75' lang='grc' dir='ltr'><em>κοῦᾳ</em></span> <span class='ocrx_word' id='word_1_251' title='bbox 996 2670 1069 2710; x_wconf 83' lang='lat' dir='ltr'><strong>ov,</strong></span> <span class='ocrx_word' id='word_1_252' title='bbox 1101 2652 1265 2712; x_wconf 78' lang='grc' dir='ltr'><em>ἁβρον,</em></span> <span class='ocrx_word' id='word_1_253' title='bbox 1296 2650 1514 2712; x_wconf 65' lang='grc' dir='ltr'><em>τρυφερόν</em></span> 
     </span>
     <span class='ocr_line' id='line_1_34' title="bbox 169 2692 1228 2772; baseline -0.006 -14"><span class='ocrx_word' id='word_1_254' title='bbox 169 2719 252 2758; x_wconf 87' lang='lat' dir='ltr'><strong>Ubi</strong></span> <span class='ocrx_word' id='word_1_255' title='bbox 282 2730 357 2769; x_wconf 88' lang='lat' dir='ltr'><strong>pro</strong></span> <span class='ocrx_word' id='word_1_256' title='bbox 387 2716 585 2757; x_wconf 83' lang='lat' dir='ltr'><strong>alterutro</strong></span> <span class='ocrx_word' id='word_1_257' title='bbox 615 2712 756 2772; x_wconf 78' lang='grc' dir='ltr'><em>ἁβρὸν</em></span> <span class='ocrx_word' id='word_1_258' title='bbox 786 2716 1047 2756; x_wconf 84' lang='lat' dir='ltr'><strong>scribendum</strong></span> <span class='ocrx_word' id='word_1_259' title='bbox 1059 2692 1228 2768; x_wconf 81' lang='grc' dir='ltr'><em>ἁδρόν.</em></span> 
     </span>
    </p>
   </div>
   <div class='ocr_carea' id='block_1_5' title="bbox 1187 2791 1264 2831">
    <p class='ocr_par' dir='ltr' id='par_1_7' title="bbox 1187 2791 1264 2831">
     <span class='ocr_line' id='line_1_35' title="bbox 1187 2791 1264 2831; baseline 0 -19"><span class='ocrx_word' id='word_1_260' title='bbox 1187 2791 1264 2831; x_wconf 55' lang='grc'><strong>7,</strong></span> 
     </span>
    </p>
   </div>
  </div>
 </body>
</html>
