1702 3190
214 179 297 219 4213
587 190 800 220 sommus.
855 189 1049 219 somnes.
1106 190 1274 221 ετιιΔι-ο.

213 304 237 332 a
265 290 451 342 Diogene
480 289 616 330 Laert.
648 290 686 330 11
715 290 798 329 120
826 283 1153 343 προσεσκώφθη
1183 287 1228 328 δὲ
1257 291 1429 345 (Stilpo)
1459 286 1543 332 ὑπὸ
1560 289 1656 331 Σω.

214 363 348 422 φίλου
383 364 463 407 τοῦ
497 365 686 420 κωμικοῦ
733 365 779 406 ἐν
819 362 1006 420 δράματι
1046 366 1083 406 Ι
1082 362 1200 420 'sigma
1268 364 1519 415 Στιλπωνός
1565 367 1656 408 ἐστι

214 439 421 498 βύσμαθ’
453 440 476 484 ὁ
508 442 707 499 Χαρίνου
735 441 873 496 λόγος.
932 446 992 484 Ita
1023 446 1268 485 Huebnerus
1298 446 1410 485 dedit
1438 461 1486 486 ex
1518 461 1657 488 emen-

213 524 377 564 datione
407 525 633 564 Casauboni
662 538 736 577 pro
766 519 964 577 Σοφίλου
994 527 1034 562 et
1064 518 1217 574 γάμου.
1275 526 1328 564 At
1356 538 1431 577 pro
1460 522 1658 577 Σοφίλου

212 602 368 644 Arund.
399 607 440 642 et
470 602 566 642 edit.
582 602 706 642 Frob.
737 602 933 654 praebent
962 596 1114 651 Φίλου,
1145 601 1254 654 quod
1282 602 1322 642 in
1353 597 1538 655 Διφίλου
1567 614 1660 642 eum

212 680 519 722 Aldobrandido
550 681 719 720 mutavit
746 680 975 732 menagius,
1006 685 1047 719 et
1075 685 1190 718 recte
1219 680 1398 731 quidem,
1426 683 1472 719 ut
1501 680 1659 732 opinor,

213 759 416 811 siquidem
446 758 673 809 Stilponem
712 758 900 797 floruisse
941 762 1100 797 constat
1138 759 1213 797 snb
1245 758 1482 797 Ptolemaeo
1514 758 1660 797 Sotere

211 840 255 876 et
293 836 523 883 Demetrio,
567 835 760 886 Antigoni
795 836 904 883 filio,
950 836 1014 874 vix
1054 840 1098 874 ut
1137 836 1352 887 Sophilus‚
1397 848 1515 886 quem
1554 835 1660 875 circa

212 915 375 966 Olymp.
406 912 541 954 CVIII
578 913 726 952 vixisse
763 913 959 965 suspicari
994 913 1114 961 licet,
1150 913 1376 964 Stilponem
1414 923 1663 951 commemo-

211 1005 305 1032 rare
342 991 533 1044 potuerit.
599 990 717 1032 Adde
753 992 861 1043 quod
892 989 928 1030 I
929 985 1038 1044 άμος
1076 990 1118 1030 in
1148 991 1300 1044 Diphili
1331 990 1481 1030 fabulis
1517 1002 1662 1030 recen·

212 1075 327 1111 setur
355 1071 404 1109 ab
435 1070 668 1117 Athenaeo,
708 1073 750 1108 et
778 1065 962 1122 Διᾳὶλου
991 1082 1140 1109 nomen
1168 1070 1209 1109 in
1245 1064 1385 1108 Φίλου
1414 1068 1512 1108 abiit
1541 1068 1662 1109 etiam

210 1149 253 1189 in
282 1149 395 1188 libris
425 1146 626 1188 Athenaei
657 1146 714 1188 IV
743 1160 785 1200 p.
816 1146 933 1187 1331·
969 1150 1010 1186 et
1038 1147 1094 1188 Vl
1132 1159 1172 1199 p.
1205 1147 1285 1186 226
1301 1160 1337 1186 e.
1409 1131 1661 1199 Quamquam

211 1240 336 1280 quum
366 1225 469 1265 illud
498 1221 685 1277 Διφίλου
721 1238 832 1263 mera
870 1225 1105 1265 coniectura
1143 1238 1166 1263 e
1201 1221 1342 1264 Φίλου
1382 1224 1564 1266 effictum
1595 1226 1661 1274 sit,

210 1319 292 1347 non
323 1306 455 1344 minus
484 1303 752 1355 probabiliter
781 1302 1033 1342 Philemonis
1070 1316 1218 1343 nomen
1255 1303 1536 1356 reponendum
1567 1317 1663 1345 con-

209 1384 337 1424 iicias.
395 1383 530 1422 Huius
571 1386 709 1421 autem
740 1375 884 1432 Γάμος
924 1381 1134 1420 notissima
1171 1385 1232 1420 est
1269 1381 1420 1420 fabula.
1477 1372 1663 1434 Denique

210 1474 286 1516 pro
318 1455 470 1514 Γάμοι,
502 1464 549 1500 ut·
577 1473 653 1513 pro
680 1453 830 1509 Γάμου
858 1459 986 1498 edidit
1015 1463 1238 1511 praeeunte
1261 1459 1498 1498 casaubono
1519 1460 1664 1501 nueb-

210 1552 348 1589 nerus‚
387 1539 608 1591 legendum
646 1535 711 1577 est
742 1531 894 1590 Γάμῳ,
924 1550 1004 1588 quo
1045 1537 1155 1576 ducit
1193 1537 1391 1588 scriptura
1431 1537 1519 1577 cod.
1557 1538 1663 1591 Reg.

210 1612 367 1669 γάμωι.
434 1618 497 1658 Ex
536 1614 703 1656 incertis
745 1615 904 1667 Sophili
932 1615 1082 1655 fabulis
1112 1627 1240 1668 pauca
1270 1618 1427 1653 servata
1457 1619 1550 1654 sunt
1579 1614 1664 1656 fra·

211 1698 391 1748 gmenta.
457 1694 508 1734 V.
537 1693 795 1734 Athenaeum
828 1694 866 1734 11
896 1707 936 1746 p.
966 1693 1067 1733 5412
1106 1693 1162 1734 1V
1192 1705 1232 1744 p.
1263 1691 1381 1730 1582
1424 1696 1466 1731 et
1496 1693 1553 1734 10.
1584 1693 1664 1735 Da-

210 1785 335 1813 maso.
364 1785 406 1824 p.
436 1772 518 1810 396
550 1771 661 1824 Lips.
689 1771 758 1810 ubi
790 1772 897 1811 male
927 1773 1121 1824 scriptum
1152 1774 1214 1810 est
1243 1765 1454 1820 Σοᾳίλου.

323 1850 595 1898 SOTADES,
638 1849 922 1898 Atheniensis,
960 1863 1080 1902 quem
1123 1850 1275 1889 diserte
1315 1846 1550 1887 Athenaeus
1584 1848 1665 1890 VII

211 1941 254 1982 p.
284 1928 410 1968 293³
451 1927 610 1967 mediae
647 1931 811 1980 poetam
848 1930 1083 1969 comoediae
1122 1927 1252 1967 fuisse
1291 1929 1333 1965 et
1361 1926 1490 1977 probe
1520 1925 1665 1966 distin-

211 2007 420 2060 guendum
450 2018 540 2045 esse
571 2007 713 2045 scribit
741 2020 764 2045 a
793 2006 946 2045 Sotade
978 2007 1207 2053 Maronita,
1238 2002 1465 2044 Ionicarum
1496 2004 1664 2045 cantile-

212 2075 356 2125 narum
387 2088 554 2124 auctore
584 2084 870 2124 celeberrimo.
941 2084 1043 2124 Eius
1079 2083 1158 2122 duo
1189 2084 1407 2134 supersunt
1435 2080 1666 2121 fabularum

213 2153 335 2212 tituli,
361 2159 450 2213 Ἐγ
460 2158 517 2200 κλ
529 2174 548 2200 ε
561 2174 576 2200 ι
587 2156 681 2213 όμε
692 2173 780 2201 ναι
805 2147 912 2216 apud
928 2163 1180 2202 Athenaeum
1195 2161 1222 2200 1.
1237 2160 1264 2199 1.
1279 2163 1326 2198 et
1337 2159 1502 2199 Antiatt.
1517 2171 1556 2211 p.
1569 2157 1666 2209 102,

213 2242 284 2282 ubi
324 2246 493 2281 vocatur
530 2235 863 2293 Ἐγκλειόμενοι,
905 2244 947 2279 et
983 2225 1523 2292 Παραλυτρούμὲνος
1557 2235 1666 2289 apud
1700 2230 1702 2247 ³

215 2319 366 2361 Athen.
409 2319 467 2359 lX
502 2331 544 2371 p.
574 2319 705 2360 8688.
778 2321 1006 2370 Utramque
1043 2317 1190 2357 Suidas
1231 2328 1264 2357 s,
1300 2329 1339 2356 v.
1379 2309 1593 2362 Σωτάδης
1623 2303 1702 2355 et³⁵

215 2398 375 2438 Eudoc.
408 2411 448 2450 p.
479 2397 563 2437 384
600 2397 706 2437 male
742 2397 928 2436 tribuunt
961 2396 1206 2435 Maronitae.
1272 2393 1355 2433 Sed
1387 2387 1587 2431 Ἀδωνιν
1615 2388 1698 2432 ab]

215 2475 446 2527 Hepliaest.
484 2487 526 2527 p.
555 2475 582 2513 8
625 2475 752 2515 Gaisf.
789 2474 991 2515 laudatam
1029 2477 1142 2511 recte
1178 2467 1408 2511 Maronitae
1448 2449 1702 2548 assignavitig

215 2552 378 2607 Fabric.
406 2553 512 2592 Bibl.
544 2553 615 2593 Gr.
648 2554 686 2594 11
716 2568 756 2606 p.
787 2553 883 2602 496,
921 2551 1030 2604 quod
1060 2550 1272 2590 coufirmat
1311 2548 1361 2587 ad
1391 2529 1694 2601 Hephaestio-3³·

215 2629 278 2670 nis
307 2630 441 2669 locum
470 2629 735 2670 Scholiastes.
1667 2596 1694 2674 ξ’

327 2707 563 2750 STRATO.
622 2708 765 2748 Suidas
797 2711 838 2748 et
866 2708 1022 2749 Eudoc.
1053 2719 1093 2760 p.
1123 2704 1227 2746 385:
1266 2698 1495 2760 Στράτων,
1533 2671 1677 2757 amm-'3‘
