1702 3190
239 179 323 225 278
611 187 663 214 nn
695 186 848 214 manua·
880 185 1112 213 comonnmu
1142 186 1308 215 mnom.

242 287 520 339 Sapphone
555 284 683 337 ipsam
721 286 920 336 poeti-iam
959 285 1186 336 aeinigmata
1224 288 1519 337 proponentem
1559 289 1602 326 et
1638 287 1687 328 ab

244 365 333 402 aliis
371 364 581 414 proposita
613 363 864 410 solventem,
910 365 950 400 et
986 362 1027 401 in
1066 351 1397 402 Problemate
1435 364 1690 405 convivantes

245 442 391 480 eodem
421 440 573 492 ingenii
615 440 707 479 lusu
737 444 899 490 tempus
929 438 1220 477 iucundissime
1248 438 1438 478 fallentes
1466 440 1689 483 induxerat.

242 518 295 559 V.
324 518 474 558 Athen.
504 517 542 556 X
571 529 611 567 p.
640 516 724 554 450
746 529 781 556 c.
800 530 836 555 e.
882 517 985 555 Cum
1014 516 1079 553 his
1111 516 1406 565 quodammodo
1437 517 1692 559 coniunctum

247 599 311 634 est
351 607 491 634 earum
528 594 757 633 fabularum
796 598 1101 645 argumentum,
1141 593 1182 631 in
1212 594 1357 643 quibus
1387 593 1573 633 homines
1601 606 1693 646 pro-

245 671 483 712 verbiorum
512 673 696 723 impense
721 674 899 710 amantes
922 671 1217 722 repraesentati
1243 674 1349 719 sunt,
1380 684 1429 710 ex
1448 683 1528 722 quo
1544 682 1694 722 genere

247 751 310 789 est
347 749 589 800 Antiphanis
626 742 1029 800 [Ιαροιμιαζόμενος
1074 748 1160 787 sive
1194 743 1444 801 ΙΙαροιμίαι
1483 749 1531 787 ab
1567 747 1695 788 Athe-

246 838 351 865 naeo
383 825 421 863 11
452 838 492 876 p.
523 826 576 863 60
597 838 620 863 e
650 828 692 863 et
723 826 872 863 Photio
905 826 1001 864 Lex.
1034 837 1074 875 p.
1105 824 1187 863 539
1217 825 1390 865 laudata.
1448 827 1536 877 Qua
1566 826 1608 864 in
1636 824 1702 865 fa·-

246 902 344 942 bula
382 915 463 940 non
504 902 679 940 dubitari
708 905 845 953 potest
874 902 969 952 quin
998 901 1207 940 hominem
1246 902 1474 942 exhibuerit
1519 903 1699 943 Sancho-

247 981 310 1019 nis
341 980 499 1018 Pansae
526 979 654 1017 instar
684 981 913 1030 proverbiis
943 979 1178 1018 ioculariter
1213 979 1436 1019 ludentem.
1502 981 1702 1021 Ceterum

247 1057 313 1096 his
342 1057 497 1095 lusibus
533 1058 679 1105 poetas
707 1058 883 1096 comicos
920 1057 1042 1095 simul
1080 1057 1136 1094 ita
1176 1068 1272 1095 usos
1302 1069 1416 1104 esse,
1453 1059 1500 1095 ut
1529 1057 1602 1095 sub
1632 1056 1702 1096 ae-j

248 1134 474 1184 nigmatum
509 1135 551 1170 et
589 1134 898 1182 proverbiorum
944 1133 1167 1172 involucris
1205 1133 1395 1172 homines
1439 1134 1516 1173 sibi
1551 1134 1702 1174 invisos

250 1210 450 1249 acerrime
479 1209 754 1259 exagitarent,
793 1210 914 1249 docet
942 1213 987 1248 ut
1019 1211 1097 1250 alia
1127 1212 1309 1250 omittam
1347 1210 1438 1262 ipse
1474 1212 1544 1251 ille
1581 1220 1702 1263 quem‘

251 1286 370 1326 attuli
405 1286 558 1326 Eubuli
603 1285 718 1325 locus
762 1299 792 1335 e>
831 1286 1203 1339 Sphingocarione,
1243 1289 1286 1328 in
1328 1300 1409 1339 quo
1449 1289 1702 1330 Callistratus

252 1364 461 1404 acerrimis
490 1363 731 1402 facetiarum
762 1364 912 1403 aculeis
942 1366 1152 1416 pungitur.

351 1442 435 1482 Sed
450 1454 525 1493 age
537 1441 712 1490 reliquas
734 1452 836 1490 quae
852 1442 1056 1491 antiquam
1072 1442 1179 1480 inter
1202 1446 1242 1481 et
1263 1441 1436 1480 mediam
1452 1441 1702 1481 comoediam

253 1518 516 1558 intercedunt
556 1517 808 1557 differentias
837 1531 1144 1570 persequamur.
1201 1520 1265 1558 Ex
1301 1518 1365 1556 hi·
1394 1517 1495 1556 illud
1510 1531 1608 1568 prae
1635 1530 1702 1557 ce-

255 1597 357 1635 teris
388 1594 787 1635 commemorandum
815 1595 989 1645 videtur,
1018 1597 1128 1647 quod
1157 1609 1204 1635 ea
1231 1595 1321 1634 fere
1350 1598 1588 1645 argumenta
1623 1593 1702 1634 sin-

256 1673 389 1725 gulari
418 1685 510 1712 cum
528 1672 663 1712 studio
693 1672 813 1712 huius
844 1674 986 1713 aetatis
1015 1678 1163 1726 poetae
1193 1673 1269 1712 sibi
1299 1671 1506 1711 tractanda
1519 1684 1702 1723 sumpse,-

256 1754 364 1799 runt‚
395 1763 500 1802 quae
528 1750 700 1789 aliorum
730 1754 946 1802 poetarum
973 1752 1227 1803 maximeque
1255 1750 1504 1802 tragicorum
1532 1749 1702 1805 carmina

259 1828 434 1880 quodam
463 1828 578 1880 quasi
607 1829 801 1879 parodiae
835 1829 931 1869 lusu
967 1829 1229 1871 traducerent
1270 1831 1312 1867 et
1339 1826 1497 1866 fabulas
1526 1827 1575 1866 ab
1605 1826 1702 1885 antig

260 1905 350 1958 quis
378 1907 512 1958 poetis
540 1905 709 1946 traditas
738 1906 789 1946 ad
817 1906 952 1946 lusum
992 1907 1209 1958 iocumque
1247 1905 1551 1958 detorquerent.
1615 1904 1665 1944 Pl

259 1984 397 2023 tonius
426 1984 478 2024 de
514 1997 619 2024 com.
659 1998 701 2037 p.
729 1984 885 2026 XXXV
922 1979 949 2032 ἡ
989 1981 1035 2022 δὲ
1069 1981 1180 2036 μέση
1214 1978 1420 2038 κωμῳδία
1457 1976 1597 2035 ἀφῆκε
1634 1916 1702 2053 tc}

260 2054 469 2108 τοιαύτας
498 2058 748 2111 ὑποθέσεις,
775 2059 847 2100 ἐπὶ
877 2058 922 2100 δὲ
949 2055 1000 2100 τὸ
1029 2053 1242 2100 σκώπτειν
1272 2055 1467 2114 ἱστορίας
1496 2053 1702 2114 ρηθέίσαέ

265 2138 467 2187 ποιηταῖς
498 2128 655 2188 ἦλθεν.
711 2134 960 2179 ἀνεύθυνον
997 2134 1078 2192 γὰρ
1115 2133 1165 2176 τὸ
1195 2135 1389 2177 τοιοῦτο·
1427 2127 1522 2176 οἷον
1560 2115 1702 2228 dccco}

263 2227 352 2268 ρειν
373 2209 577 2269 <Όμηρον
606 2210 787 2260 εἰπόντα
825 2229 867 2255 τι
896 2211 924 2266 ἢ
954 2212 1030 2255 τὸν
1060 2213 1181 2254 δεῖνα
1209 2213 1285 2264 τῆς
1313 2209 1556 2270 τραγῳδίας
1584 2224 1702 2285 ποιη-

264 2288 365 2343 τήν,
404 2298 446 2333 et
482 2295 623 2346 paucis
658 2295 883 2334 interiectis
922 2296 1068 2346 quibus
1098 2294 1310 2334 Cratinum
1340 2293 1529 2333 Ulixibus
1559 2284 1702 2365 duceq-

267 2371 329 2410 dis
358 2373 533 2422 primum
556 2373 788 2412 huiusmodi
818 2372 1047 2412 fabularum
1077 2372 1307 2424 exemplum
1337 2371 1566 2411 exhibuisse
1595 2364 1702 2430 ‹1in

265 2443 443 2498 μύθους
471 2444 553 2503 γάρ
581 2461 702 2496 τινας
731 2448 929 2497 τιθέντες
957 2447 1003 2488 ἐν
1023 2445 1269 2503 κωμῳδίαις
1297 2447 1386 2496 τοῖς
1413 2434 1702 2504 παλαιοτέροζῃ·

268 2516 515 2576 εἰρημένους
544 2524 744 2580 διέσυρον
771 2523 828 2574 ώς
856 2526 994 2574 κακῶς
1021 2526 1253 2582 ῥηθέντας.
1322 2527 1407 2567 lam
1442 2526 1484 2567 in
1518 2526 1569 2566 iis
1595 2525 1702 2580 fabi!-

268 2601 320 2641 lis
356 2615 524 2652 quarum
555 2605 874 2659 mythologicum
903 2609 1185 2660 argumentum
1214 2605 1314 2654 fuit,
1358 2605 1530 2645 maxime
1559 2607 1702 2644 meme<

268 2679 417 2720 rabiles
454 2682 641 2722 videntur
678 2697 750 2724 eae
798 2686 953 2735 quibus.
979 2697 1002 2723 a
1037 2685 1207 2725 deorum
1253 2685 1471 2724 dearumve
1510 2681 1702 2722 natalibus
