1702 3190
345 137 618 168 uenxcmmss.
675 138 988 167 nal-:summimu-
1049 139 1278 168 mumscos.
1461 126 1546 167 423

69 241 150 283 34:
191 235 422 281 Φιλίππου
450 232 697 294 ἀλεκτρυών
731 261 789 270 —-·
822 235 1045 292 μέμνηται
1076 236 1121 278 δὲ
1152 234 1291 280 αὐτοῦ
1313 234 1545 294 Ἡρακλεί-

68 318 148 370 δης
185 314 211 360 ὁ
243 315 430 373 κωμικὸς
466 316 543 358 καὶ
576 311 870 372 Ἀντιφάνης.
935 318 1139 358 Eiusdem
1180 319 1432 361 Heraclidae
1468 333 1544 361 no-

52 412 161 442 vmen
188 398 367 440 sortasse
396 398 614 440 Athenaeo
644 398 726 441 VII
761 411 804 452 p.
835 397 962 437 32511
1003 398 1307 441 restituendum
1345 405 1433 450 est,
1471 400 1545 442 ubi

66 477 188 531 vulgo
218 478 372 531 legitur
404 473 698 531 Χαρικλείδης
727 474 774 516 ἐν
799 471 996 517 Ἀλύσει.

176 557 618 606 MNESIMACHUS,
675 561 800 610 poeta
842 556 1036 609 inprimis
1083 556 1275 608 elegans,
1331 561 1378 598 ut
1422 559 1546 600 docet

65 637 235 689 egregia
262 636 336 676 illa
366 636 511 688 ecloga
541 650 591 676 ex
620 635 918 688 Hippotropho
949 635 1058 687 apud
1089 635 1243 676 Athen.
1262 636 1319 676 IX
1349 652 1390 690 p.
1409 639 1492 678 402
1510 639 1542 679 f.

62 716 171 756 Eum
199 728 331 756 novae
358 715 596 755 comoediae
625 716 810 768 assignat
839 714 1026 755 Eudocia
1055 729 1096 768 p.
1127 715 1226 763 303,
1257 716 1421 756 mediae
1447 718 1543 758 Sui·

46 794 135 834 -das
170 807 205 835 s.
235 807 271 835 v.
313 789 611 848 ,Μνησίμαχος
651 800 694 836 et
730 795 971 835 Athenaeus
1010 795 1088 837 Vll
1128 809 1170 848 p.
1200 795 1283 835 329
1303 795 1343 836 d.
1411 796 1543 848 quue

43 873 319 914 -verissimum
349 886 442 914 esse
479 873 603 914 etiam
622 874 855 914 fabularum
887 875 996 914 tituli
1028 875 1326 914 demonstrant.
1384 876 1447 914 Ex
1476 875 1542 915 his

60 965 183 1006 quam
216 946 534 1004 ’Λλκμαὶων
569 953 781 1005 inscripsit
810 960 918 993 teste
948 953 1138 1006 Diogene
1169 954 1308 994 Laert.
1340 955 1438 995 wll
1469 956 1540 1005 37,

60 1045 145 1073 non
174 1033 226 1072 ad
261 1032 494 1073 fabulosum
531 1033 650 1073 illum
681 1033 997 1082 Alcmaeonem,
1035 1034 1108 1073 sed
1151 1034 1203 1073 ad
1242 1033 1541 1086 philosophum

63 1111 397 1166 Pythagoreum,
443 1111 498 1152 de
542 1125 624 1165 quo
661 1118 830 1165 praeter
866 1112 968 1152 alios
1009 1112 1084 1152 cfr.
1126 1113 1359 1165 Diogenem
1399 1114 1540 1154 Laert.

58 1191 161 1233 VIII
190 1192 262 1242 83,
300 1196 511 1245 spectasse
547 1190 862 1244 haudquaquam
892 1192 1135 1232 incredibile
1167 1193 1374 1233 videbitur
1405 1193 1542 1245 ipsum

55 1269 161 1312 illud
190 1271 302 1325 quod
319 1271 530 1324 Diogenes
552 1272 691 1312 attulit
719 1284 729 1311 1
765 1273 887 1312 bulae
916 1272 1196 1324 fragmentum
1228 1272 1542 1326 contemplanti,

274 1344 333 1399 ὠς
359 1349 715 1404 Πυθαγορισταὶ
744 1346 922 1405 θύομεν
951 1347 1012 1406 τῷ
1040 1346 1203 1406 Λοξίᾳ,

278 1425 479 1485 ἔμψυχον
508 1426 638 1471 οὐδὲν
666 1426 900 1480 ἐσθίοντες
928 1428 1166 1479 παντελῶς.

38 1508 353 1561 cognominem
395 1511 614 1564 Amphidis
655 1509 839 1551 fabulam
881 1512 925 1551 in
965 1511 1114 1551 eodem
1150 1510 1264 1551 haud
1303 1511 1431 1552 dubie
1470 1523 1537 1551 ar-

53 1594 252 1642 gumento
308 1595 511 1631 versatam
569 1603 695 1644 snpra
738 1591 949 1644 attigimus
989 1605 1033 1643 p.
1075 1590 1174 1631 405.
1261 1585 1537 1644 Βούσιριν

54 1673 223 1721 praeter
273 1669 443 1710 Suidam
500 1671 641 1711 laudat
687 1670 904 1711 Athenaeo
951 1670 990 1711 X
1035 1684 1078 1723 p.
1113 1670 1198 1710 417
1223 1683 1262 1710 e.
1319 1663 1537 1709 Δύσκο-

53 1741 148 1784 λον
183 1747 296 1788 idem
329 1749 427 1791 VIII
466 1763 508 1803 Ρ.
536 1750 672 1790 35912.
725 1742 1115 1804 Ἰπποτρόφον
1144 1749 1292 1790 Suidas
1331 1754 1375 1789 et
1403 1749 1536 1790 Athe-

37 1837 182 1866 >naeus
219 1826 298 1869 VII
338 1841 381 1881 p.
411 1829 492 1868 301
508 1828 549 1870 d.
587 1830 671 1869 322
692 1842 730 1870 e.
769 1829 827 1870 IX
866 1842 909 1882 p.
937 1830 1072 1871 4021:
1138 1824 1534 1882 Ἰσθμιονίκην

50 1905 212 1948 Aeliau.
241 1906 298 1947 H.
329 1908 379 1948 A.
410 1908 510 1948 XIII
540 1908 583 1948 4.
658 1904 938 1949 Φίλιππον
974 1910 1126 1950 Suidas
1163 1915 1205 1950 et
1245 1909 1402 1951 Athen.
1429 1909 1536 1951 Vll}

34 1985 266 2038 ·p.⁴338b.
312 1986 371 2027 IX
408 2001 450 2040 p.
480 1988 626 2029 3871».
671 1989 710 2029 X
749 2003 793 2042 p.
820 1990 965 2030 4181».
1005 1990 1147 2030 4211).
1227 1991 1532 2042 Argumentum

36 2062 217 2104 ⁴5abulae
245 2064 298 2105 ad
328 2066 601 2108 Macedoniae
637 2082 783 2122 regem
813 2069 1066 2122 pertinuisse
1096 2068 1208 2109 haud
1237 2072 1400 2110 temere
1430 2081 1531 2109 con-

40 2142 182 2182 vnctus.
236 2144 317 2183 His
344 2145 452 2184 adde
480 2143 953 2199 Φαρμακοπώλην
991 2148 1102 2200 apud
1131 2148 1403 2187 Scholia=⁴1m
1435 2148 1531 2188 Ari-

55 2219 194 2272 stoph.
229 2221 306 2261 Av.
341 2222 423 2262 471
463 2221 750 2279 ΠΙνησίλοχος
793 2224 841 2264 ἐν
883 2220 1252 2280 Φαρμακοπώλῃ,
1300 2227 1370 2266 ubi
1410 2231 1528 2268 recte

47 2297 271 2352 Meo-gius
299 2301 352 2342 ad
380 2302 555 2357 Diogen.
586 2305 726 2347 Laert.
756 2307 837 2346 vol.
860 2306 899 2346 11
930 2320 971 2359 p.
987 2306 1044 2345 80
1074 2306 1244 2358 corrigit
1274 2301 1526 2359 ,Μνησίμα-

50 2390 141 2431 χος.
209 2380 275 2420 Ex
307 2381 466 2423 incerta
506 2383 647 2426 fabula
688 2397 817 2426 unum
866 2389 1059 2438 superest
1095 2385 1374 2439 fragmentum
1412 2386 1523 2440 apud

52 2458 194 2500 Senot.
224 2459 341 2502 mad.
369 2453 411 2503 Ξ
433 2463 531 2504 232.

164 2537 471 2582 PHILISGUS.
537 2542 663 2583 Hunc
701 2544 862 2584 mediae
898 2544 1029 2585 fuisse
1073 2550 1237 2598 poetam
1278 2545 1521 2586 comoediae

53 2615 286 2659 fabularum
314 2619 423 2660 tituli
450 2621 657 2671 indicant,
695 2635 798 2676 quos
840 2625 919 2664 hoc
947 2625 1094 2666 ordine
1123 2631 1316 2668 recenset
1344 2625 1519 2666 Suidas:

42 2689 309 2750 ’'Adwmg,
354 2695 476 2747 Διὸς
523 2698 709 2754 γοναί,
768 2699 1166 2757 Θεμιστοκλῆς,
1217 2701 1517 2757 ”()λυμπος,
