1702 3190
200 159 258 203 vl
769 156 1104 199 PRAEFATIO.

203 267 337 333 quasi
368 266 586 332 adoptiva
618 265 766 331 patria
796 266 894 328 suit,
929 267 1050 316 inter
1078 266 1436 319 iucundissimas
1461 269 1638 337 publici

202 350 406 401 muneris
445 348 778 413 occupationes
822 350 940 398 satis
981 349 1061 398 otii
1103 349 1163 398 ad
1204 350 1322 400 haec
1366 353 1520 402 studia
1551 369 1637 401 co-

203 432 343 482 lenda
381 437 430 481 et
463 431 719 481 doctrinam
752 431 1012 495 augendam
1056 431 1164 478 mihi
1205 448 1482 483 concessum
1516 435 1638 484 fuis-

205 520 297 576 set,
330 531 437 563 mox
471 516 735 564 Berolinum
767 519 965 563 vocatus
999 518 1048 562 et
1081 515 1365 579 publicarum
1400 522 1447 565 et
1479 518 1639 582 priva-

203 603 351 646 tarum
393 612 603 646 curarum
647 596 780 660 quasi
818 602 952 645 aestu
991 597 1186 660 quodam
1219 598 1337 648 adeo
1370 614 1442 648 me
1484 599 1636 647 iacta-

204 685 298 728 tum
316 679 460 739 sensi,
488 684 539 726 ut
558 679 675 727 satis
694 679 797 726 mihi
819 680 983 728 beatus
1002 678 1202 741 viderer,
1229 681 1272 729 si
1295 681 1492 730 subinde
1511 682 1642 730 velut

206 764 402 811 furtivas
445 762 586 810 horas
640 762 935 825 gravioribus
977 762 1179 824 negotiis
1231 770 1419 829 ereptas
1473 768 1641 828 coepto

206 847 336 911 operi
369 845 636 910 unpendere
664 844 840 893 liceret.
908 843 1208 907 Accedebat,
1250 863 1309 895 ne
1343 846 1642 911 inexpugna-

206 930 345 980 bilem
384 928 506 975 illam
560 927 737 990 ingenii
787 924 875 974 mei
928 924 987 972 ad
1040 926 1333 975 scribendum
1384 929 1644 977 tarditatem

208 1026 553 1062 commemorem
571 1027 598 1057 a
616 1015 824 1074 prompta
842 1009 1081 1057 multorum
1116 1010 1357 1059 alacritate
1390 1010 1644 1059 vehemen-

210 1102 282 1144 ter
325 1095 690 1157 discrepantem,
724 1092 849 1139 iusta
882 1091 1128 1153 quaedam,
1164 1097 1213 1138 ut
1247 1092 1354 1139 mihi
1388 1092 1646 1150 videbatur,

209 1184 258 1228 et
291 1178 544 1226 litterarum
578 1173 790 1236 dignitati
835 1173 989 1222 debita
1023 1174 1327 1235 verecundia,
1370 1191 1459 1238 qua
1499 1188 1648 1239 acon--⁴v

210 1265 356 1309 ratam
387 1263 435 1307 et
454 1256 720 1319 diligentem
748 1271 880 1319 quam
912 1255 1064 1305 levem
1087 1261 1148 1305 'et
1168 1248 1463 1322 praecipitem
1491 1271 1648 1305 curam

211 1345 257 1393 in
296 1344 520 1406 suscepto
565 1339 753 1402 negotio
797 1340 1032 1388 collocare
1074 1339 1309 1389 malebam.
1373 1338 1486 1388 Etsi
1528 1333 1654 1388 enim

212 1427 260 1476 in
294 1426 375 1474 tali
405 1424 564 1472 labore
598 1422 778 1488 plenam
810 1423 1004 1471 omnium
1050 1437 1202 1471 rerum
1244 1422 1651 1489 pertractationem

213 1508 314 1557 iure
347 1506 618 1571 exspectari
652 1521 742 1554 non
786 1521 931 1570 posse
973 1505 1310 1569 intelligebam,
1350 1505 1657 1554 vehementer-2

213 1596 365 1640 tamen
398 1589 577 1638 animus
620 1590 678 1638 ab
720 1603 878 1637 eorum
920 1588 1216 1638 festinatione
1257 1593 1306 1636 et
1344 1588 1535 1637 levitate
1567 1587 1652 1637 ab-

214 1673 454 1734 horrebat,
498 1688 615 1736 quos
650 1671 964 1721 necessariam
997 1671 1211 1720 aedificio
1246 1670 1470 1719 struendo
1503 1673 1653 1719 mate-

214 1757 327 1805 riam
362 1754 525 1824 raptim
559 1771 621 1803 ex
655 1742 886 1804 indicibus
926 1755 1153 1817 colligere
1186 1758 1234 1802 et
1265 1759 1541 1819 properatos
1575 1754 1651 1802 in-

216 1838 343 1903 genii
376 1837 530 1886 foetus
578 1838 624 1885 in
669 1838 897 1902 publicam
940 1838 1091 1885 lucem
1123 1836 1396 1901 protrudere
1426 1828 1654 1886 videbam..

216 1920 379 1984 Itaque
413 1920 540 1968 lente
573 1920 753 1984 quidem
780 1936 869 1969 nec
896 1920 998 1969 sine
1024 1919 1205 1982 magnis
1231 1919 1500 1983 quibusdam
1524 1934 1656 1970 com-
1693 1962 1695 1965 ,

218 2002 450 2071 mentandi
484 2003 922 2064 intermissionibuS,
955 2007 1003 2051 at
1035 2001 1380 2068 progrediendo
1413 2006 1565 2051 tamen
1596 2017 1656 2051 eo

219 2066 445 2154 perducta
477 2102 557 2135 res
590 2093 680 2148 est,
714 2092 764 2135 ut
795 2090 935 2135 vetus
968 2086 1082 2134 illud
1115 2100 1261 2134 meum
1293 2084 1580 2134 consilium
1567 2101 1663 2134 lam·

221 2169 404 2218 tandem
458 2169 520 2216 ad
571 2172 782 2219 effectum
837 2169 1071 2218 adducere
1120 2168 1273 2216 lIceat.
1345 2167 1456 2215 Erit
1506 2172 1659 2216 autem

222 2252 364 2309 totius
398 2252 556 2316 operis
579 2253 823 2319 dispositio
843 2253 988 2315 haec,
1020 2257 1072 2300 -ut
1103 2267 1237 2315 quum
1257 2250 1306 2299 in
1335 2250 1494 2316 prima,
1525 2265 1661 2314 quam
1700 2248 1701 2251 ’

224 2346 347 2405 nunc
371 2334 521 2399 ipsum
553 2336 725 2401 publici
757 2336 871 2385 iuris
903 2334 1042 2396 facio,
1072 2338 1205 2399 parte
1237 2337 1474 2399 poetarum
1506 2332 1658 2381 histo-

226 2408 339 2475 riam
373 2419 699 2481 enarraverim,
732 2419 781 2468 in
814 2420 976 2479 altero,
1009 2416 1131 2482 quod
1163 2417 1283 2467 intra
1301 2406 1555 2481 proximum
1570 2430 1658 2462 an·
1696 2438 1697 2451 2

227 2517 333 2548 num
364 2506 600 2564 sequetur,
634 2503 865 2551 volumine
899 2501 1198 2565 antiquorum,
1229 2498 1278 2547 in
1311 2497 1448 2546 tertio
1480 2496 1660 2545 medio-
1693 2504 1702 2560 j

230 2601 355 2644 rum„
394 2584 440 2645 in
471 2589 634 2646 quarto
670 2584 867 2648 denique
909 2582 959 2643 et‘
989 2582 1155 2648 quinto‘
1176 2579 1406 2630 volumine
1440 2593 1660 2647 novorum
1692 2589 1694 2635 g

233 2673 281 2715 et
309 2682 636 2731 anonymorum
666 2668 939 2716 comicorum
964 2665 1185 2729 reliquiae
1212 2680 1314 2712 cum
1340 2662 1494 2712 indice
1515 2676 1660 2726 grae·
1690 2693 1692 2738 ᾖ
