1702 3190
431 807 1180 884 PRAEFATIO.

46 1220 302 1292 Decimus
336 1237 527 1304 quintus
561 1235 641 1288 hie
674 1253 827 1287 annus
862 1240 967 1299 est,
1010 1252 1150 1302 quum
1183 1236 1325 1287 editis
1362 1237 1530 1288 Phile-

46 1323 201 1375 monis
247 1327 297 1374 et
350 1322 604 1373 Menandri
647 1321 861 1389 reliquiis
911 1338 1194 1387 graecorum
1244 1321 1531 1374 comicorum

50 1407 318 1474 fragmenta
370 1423 465 1457 uno
522 1424 724 1475 corpore
767 1407 1112 1475 comprehensa
1165 1423 1239 1457 me
1292 1407 1530 1458 editurum

45 1508 162 1544 esse
182 1493 369 1560 publice
396 1493 648 1560 professus
672 1511 776 1544 sum
794 1493 867 1558 ssss).
915 1492 1042 1544 Erat
1068 1496 1163 1541 tum
1184 1508 1243 1542 ea
1263 1496 1528 1560 temporum

41 1593 257 1631 meorum
299 1577 652 1646 opportunitas,
695 1584 748 1628 ut
790 1578 1004 1646 quamvis
1044 1594 1264 1643 magnum
1301 1594 1426 1645 opus
1473 1582 1524 1628 et

46 1661 98 1711 in
127 1662 290 1713 varias
324 1663 614 1728 antiquitatis
648 1669 813 1730 partes
846 1665 1067 1715 diffusum
1099 1662 1224 1712 intra
1258 1663 1526 1729 quinquen-¹

43 1744 172 1801 nium
207 1745 298 1795 rite
332 1745 519 1796 absolvi
552 1763 702 1814 posse
735 1749 1036 1799 confiderem.
1102 1749 1175 1796 At
1219 1762 1339 1796 vero
1386 1764 1527 1812 quum

41 1827 135 1879 iam
175 1827 225 1879 in
269 1829 556 1896 digerenda,
611 1847 748 1896 quam
790 1830 998 1896 undique
1040 1829 1376 1896 collegissem,
1419 1846 1524 1879 ma-

42 1912 166 1964 teria
220 1918 486 1982 occupatus
531 1929 714 1978 essem,
771 1930 860 1966 eae
905 1915 1064 1966 subito
1107 1932 1265 1966 rerum
1306 1929 1514 1965 mearum

40 1997 404 2052 vicissitudines
447 1999 731 2064 inciderunt,
764 2014 886 2067 quae
906 2015 981 2051 me
1015 1998 1064 2051 in
1098 1998 1346 2068 proposito
1373 2016 1522 2067 opere

38 2083 233 2135 mirifice
273 2083 585 2137 retardarent.
653 2086 782 2136 Nam
816 2101 956 2153 quum
991 2085 1206 2150 Gedaui‚
1249 2101 1370 2153 quae
1404 2084 1516 2136 mihi

54 2294 59 2309 ²
83 2289 285 2347 '*)'1dem
312 2298 533 2341 ‘consilium
562 2299 783 2352 superiore
819 2299 958 2339 aetate
999 2296 1179 2350 agitasse
1208 2297 1260 2340 Τ.
1291 2297 1516 2341 Ηεωείετε

151 2350 319 2394 husium
358 2355 558 2408 colligere
593 2358 697 2397 licet
736 2369 787 2396 ex
818 2356 871 2396 iis
912 2365 1018 2407 quae
1055 2355 1222 2407 scripsit
1259 2357 1312 2397 ad
1351 2356 1514 2403 Polluc.

65 2462 67 2464 -
147 2407 230 2449 vol.
263 2409 303 2450 11
331 2423 372 2463 p.
403 2412 527 2453 1136.
598 2413 814 2453 Theodori
844 2411 1013 2454 Canteri
1042 2412 1229 2465 syllogen
1261 2414 1515 2455 comicorum

148 2468 192 2504 et
229 2467 481 2525 tragicorum
503 2473 722 2522 poetarum
755 2469 1076 2522 manuscriptam
1116 2470 1412 2511 commemorat
1454 2471 1512 2512 Η.

48 2545 56 2549 -
80 2555 82 2557 ,
111 2549 114 2554 .
143 2520 317 2564 Grotius
347 2523 488 2567 Praef.
517 2528 714 2580 Excerpt.
744 2540 787 2580 p.
815 2528 844 2567 8
883 2531 927 2568 et
954 2527 1208 2568 D’Orvillius
1237 2529 1384 2572 Vanno
1414 2528 1506 2569 crit.

145 2589 189 2631 p.
237 2579 337 2622 251.
411 2583 475 2624 De
517 2583 700 2625 Bentleii
757 2583 939 2626 omnium
997 2597 1241 2639 graecorum
1292 2588 1511 2640 poetarum

47 2637 54 2645 ⁴
92 2642 96 2646 ⁴
141 2634 376 2737 Ῑηὲωέηῐα
414 2639 638 2696 colligendi
674 2641 847 2685 consilio
885 2641 981 2684 vide
1016 2642 1336 2687 Valckenarium
1376 2641 1508 2683 Diatr.
