1702 3190
691 166 821 197 cure
827 166 862 194 s.
1467 145 1526 188 69

50 281 103 321 ut
122 275 231 318 infra
259 273 523 320 docebimus,
561 267 802 310 comoediae
836 267 1016 319 poetam.
1082 261 1145 311 De
1179 263 1320 303 ‘aetate
1347 260 1529 302 Crutetis

52 357 93 399 si
133 355 366 408 quaeritur,
396 349 703 392 Groddeckium
739 347 852 388 Hist.
883 345 992 385 liter.
1031 355 1074 395 p.
1106 342 1202 390 160,
1239 342 1310 393 qni
1346 339 1530 381 Persicis

54 449 153 477 eum
181 434 303 475 bellis
332 431 591 485 superiorem
619 427 750 467 fuisse
785 425 926 478 fingit,
963 422 1138 463 meliora
1175 421 1329 460 docere
1365 421 1532 472 poterat

58 514 356 566 Aristophanes
385 510 526 562 Equit.
556 506 641 547 534
670 517 730 557 sq.
770 507 866 557 post
895 501 1110 542 Cratinum
1147 512 1242 540 eum
1279 510 1532 538 commemo-

59 605 178 642 rans,
209 592 325 632 ouius
355 602 451 630 eum
479 587 722 627 histrionem
756 583 886 623 fnisse
915 580 1041 621 tradit
1070 580 1122 619 ad
1152 577 1443 628 Aristophanis
1468 576 1533 616 Io·
1602 587 1605 590 ·

58 685 156 714 cum
199 670 470 712 Scholiastes:
498 658 729 719 κωμῳδίας
770 650 828 711 ἦν
872 653 1070 710 ποιητής,
1116 651 1165 705 ὂς
1208 653 1378 711 πρῶτος
1421 655 1533 708 (leg.

59 747 262 804 πρῶτον)
306 741 566 799 ὑπεκρίνατο
607 737 723 792 (τὰ)
769 736 1006 795 Κρατίνου,
1051 734 1127 778 καὶ
1170 731 1306 783 αὐτὸς
1349 729 1536 783 ποιητὴς

59 822 239 883 ὕστερον
267 824 447 879 ἐγένετο.
507 823 664 876 Quibus
692 822 820 873 iunge
847 821 1053 872 Anonym.
1084 818 1137 858 de
1168 818 1285 858 Com.
1321 828 1364 867 p.
1394 812 1536 855 XXIX

58 906 215 949 τοῦτον
243 900 482 959 ὑποκριτήν
510 913 627 958 φασι
654 897 878 953 γεγονέναι
908 895 957 938 τὸ
988 894 1171 952 πρῶτον,
1201 889 1250 943 ὃς
1275 891 1537 947 ἐπιβέβληκε

62 982 284 1042 Κρατίνῳ.
341 985 532 1036 Denique
559 983 606 1022 ut
636 980 768 1020 omnis
799 977 999 1019 dubitatio
1031 976 1214 1025 tollatur,
1245 975 1453 1017 Eusebius
1483 972 1537 1013 ui

65 1060 737 1120 Olymp.LXXXII,4adscripsit:
758 1056 1208 1099 Crates-comicus
1238 1053 1539 1096 etPraxilla

65 1133 1541 1197 (sicenimlegendumproTelesilla)cognoscebantur.Doeuit

64 1225 193 1278 igitur
220 1223 394 1276 primam
422 1219 604 1259 fabulam
622 1219 766 1258 Crates
790 1216 955 1268 Olymp.
974 1213 1182 1262 LXXXII,
1204 1213 1246 1261 4,
1276 1224 1413 1264 neque
1443 1224 1542 1256 eum

65 1303 175 1344 ultra
211 1301 375 1353 Olymp.
405 1297 674 1345 LXXXVIII,
704 1295 732 1335 4
780 1294 931 1334 vixisse
968 1292 1090 1333 docet
1126 1291 1416 1344 Aristophanis
1451 1291 1482 1332 1.
1510 1291 1543 1333 l.

67 1381 153 1423 Sed
181 1378 489 1421 Groddeckium
517 1376 694 1424 seduxit,
723 1374 765 1414 ni
794 1374 931 1421 fallor,
961 1370 1198 1414 Aristotelis
1225 1370 1345 1412 loeus
1375 1371 1428 1412 de
1450 1371 1544 1413 Art.

69 1458 190 1505 Poet.
203 1459 255 1507 V,
278 1457 321 1507 5,
349 1457 393 1497 in
420 1469 501 1509 quo
530 1457 589 1497 ita
618 1456 964 1497 commemoratur
993 1453 1152 1501 Crates,
1182 1455 1241 1501 ut,
1271 1452 1352 1493 nisi
1380 1453 1460 1493 alia
1489 1452 1546 1494 de

71 1538 248 1586 Cratetis
277 1540 412 1577 aetate
440 1536 592 1578 indicia
629 1534 901 1582 haberemus,
939 1545 1021 1573 non
1052 1532 1226 1572 mirarer
1255 1533 1471 1586 equidem,
1507 1532 1546 1574 si

74 1618 165 1671 quis
200 1617 312 1664 hunc
348 1615 516 1657 Cratino
555 1614 816 1667 superiorem
855 1613 985 1653 fuisse
1021 1611 1099 1652 sibi
1132 1612 1429 1664 persuaderet:
1467 1607 1549 1652 τοῦ

76 1675 124 1745 δὲ
149 1689 323 1750 μύθους
359 1693 497 1734 ποιεῖν
531 1687 807 1747 Ἐπίχαρμος
834 1690 910 1732 καὶ
954 1685 1127 1745 Φόρμις
1163 1680 1317 1745 ἦρξαν.
1377 1687 1429 1732 τὸ
1465 1691 1549 1746 μὲν

75 1763 156 1815 οὗν
187 1771 356 1828 πρῶτον
391 1771 436 1813 ἐκ
472 1769 676 1821 Σικελίας
704 1762 835 1822 ἦλθε.
897 1768 984 1812 τῶν
1019 1768 1066 1810 δὲ
1098 1764 1340 1820 Ἀθήνησι
1367 1768 1552 1824 Κράτης

76 1851 240 1909 πρῶτος
269 1842 414 1907 ἧρξεν,
451 1849 668 1907 ἀφέμενος
702 1851 781 1902 τῆς
810 1845 1019 1904 ἰαμβικῆς
1056 1842 1196 1901 ἰδέας,
1236 1844 1442 1891 καθόλου
1470 1845 1551 1891 λό-

75 1946 176 1988 γους
203 1927 232 1983 ἢ
259 1929 434 1987 μύθους
463 1933 616 1975 ποιεῖν.
680 1934 765 1974 Ubi
802 1932 872 1986 qui
907 1925 1030 1983 λόγοι
1058 1923 1086 1979 ἢ
1115 1927 1262 1982 μῦθοι
1298 1942 1550 1971 commemo-

76 2018 241 2063 rantur,
277 2013 542 2054 Hermannus
583 2012 636 2053 de
667 2012 870 2054 eiusmodi
906 2011 1158 2063 argumentis
1197 2010 1402 2051 intellexit
1445 2023 1553 2063 quae

77 2093 278 2146 neglectis
316 2093 508 2133 conviciis
542 2092 866 2146 implicationem
903 2091 1081 2144 aliquam
1116 2094 1160 2131 et
1199 2091 1449 2131 solutionem
1478 2089 1554 2129 ha-

78 2171 250 2221 herent,
288 2171 371 2212 hoe
411 2177 475 2212 est
511 2172 564 2212 de
592 2171 743 2211 fabulis
772 2184 873 2211 vere
901 2171 985 2211 hoo
1013 2172 1181 2212 nomine
1211 2170 1360 2223 dignis.
1429 2168 1558 2220 Atqui

50 2244 54 2248 ’
83 2250 286 2292 eiusmodi
324 2249 484 2290 fabulas
522 2263 647 2304 quum
684 2251 767 2291 iam
797 2250 1010 2290 Cratinum
1047 2251 1091 2290 in
1131 2262 1297 2290 scenam
1333 2247 1559 2301 protulisse

85 2331 259 2378 constet,
286 2329 366 2369 nisi
396 2329 487 2382 quis
516 2331 639 2371 etiam
669 2330 778 2384 apud
795 2328 1064 2372 Aristotelem
1093 2341 1169 2382 pro
1201 2329 1369 2370 Cratete
1399 2326 1559 2368 Cratini

83 2419 236 2450 nomen
262 2407 412 2460 reponi
438 2409 553 2458 velit,
583 2409 660 2449 alia
688 2408 1040 2461 interpretationis
1070 2408 1135 2448 via
1163 2407 1342 2448 ineunda
1375 2410 1452 2448 est.
1496 2407 1560 2450 Ae

85 2483 186 2526 mihi
215 2486 381 2539 quidem
410 2486 492 2527 hoe
521 2488 768 2529 Aristoteles
797 2488 1030 2541 significare
1050 2487 1232 2529 voluisse
1250 2487 1430 2536 videtur,
1465 2498 1560 2528 cum

87 2555 277 2608 Cratinus
314 2566 528 2618 ceterique
554 2553 815 2620 antiquiores
845 2567 992 2608 comici
1031 2571 1167 2607 certos
1197 2566 1397 2620 quosdam
1424 2565 1561 2609 homi-

85 2656 162 2685 nes
190 2643 232 2684 in
261 2643 411 2686 fabulis
440 2645 525 2686 suis
555 2647 828 2699 exagitassent
855 2645 1094 2700 populoque
1121 2647 1319 2687 ridendos
1346 2645 1562 2699 propinas-

88 2726 204 2771 sent,
249 2724 459 2765 Cratetem
488 2725 664 2778 primum
693 2727 805 2780 apud
832 2726 1108 2773 Athenienses
1139 2727 1322 2771 extitisse
1361 2724 1431 2778 qui
1450 2724 1562 2778 *Epi-
