<?xml version="1.0" encoding="UTF-8"?>
<!DOCTYPE html PUBLIC "-//W3C//DTD XHTML 1.0 Transitional//EN"
    "http://www.w3.org/TR/xhtml1/DTD/xhtml1-transitional.dtd">
<html xmlns="http://www.w3.org/1999/xhtml" xml:lang="en" lang="en">
 <head>
  <title>
</title>
<meta http-equiv="Content-Type" content="text/html;charset=utf-8" />
  <meta name='ocr-system' content='tesseract 3.04.00' />
  <meta name='ocr-capabilities' content='ocr_page ocr_carea ocr_par ocr_line ocrx_word'/>
</head>
<body>
  <div class='ocr_page' id='page_1' title='image "./fragmentacomicor01meinuoft_0093.png"; bbox 0 0 1702 3190; ppageno 0'>
   <div class='ocr_carea' id='block_1_1' title="bbox 648 143 1528 203">
    <p class='ocr_par' dir='ltr' id='par_1_1' title="bbox 648 143 1528 203">
     <span class='ocr_line' id='line_1_1' title="bbox 648 143 1528 203; baseline 0.003 -19"><span class='ocrx_word' id='word_1_1' title='bbox 648 143 958 187; x_wconf 66' lang='lat' dir='ltr'><strong>massonus.</strong></span> <span class='ocrx_word' id='word_1_2' title='bbox 1049 154 1054 158; x_wconf 69' lang='grc'><strong>“</strong></span> <span class='ocrx_word' id='word_1_3' title='bbox 1384 201 1389 203; x_wconf 19' lang='grc' dir='ltr'><strong>Ἷ</strong></span> <span class='ocrx_word' id='word_1_4' title='bbox 1472 147 1528 187; x_wconf 77' lang='lat' dir='ltr'>n</span> 
     </span>
    </p>
   </div>
   <div class='ocr_carea' id='block_1_2' title="bbox 18 250 1538 2768">
    <p class='ocr_par' dir='ltr' id='par_1_2' title="bbox 53 250 1528 458">
     <span class='ocr_line' id='line_1_2' title="bbox 53 250 1528 311; baseline -0.002 -9"><span class='ocrx_word' id='word_1_5' title='bbox 53 258 245 302; x_wconf 74' lang='lat' dir='ltr'><strong>Fabricio</strong></span> <span class='ocrx_word' id='word_1_6' title='bbox 261 257 493 299; x_wconf 80' lang='lat' dir='ltr'><strong>fabularum</strong></span> <span class='ocrx_word' id='word_1_7' title='bbox 510 257 621 298; x_wconf 87' lang='lat' dir='ltr'><strong>tituli</strong></span> <span class='ocrx_word' id='word_1_8' title='bbox 639 250 848 310; x_wconf 73' lang='grc' dir='ltr'><strong>·Ἀγγεῖα,</strong></span> <span class='ocrx_word' id='word_1_9' title='bbox 867 253 1071 310; x_wconf 63' lang='grc' dir='ltr'><em>Γραᾳεῖς,</em></span> <span class='ocrx_word' id='word_1_10' title='bbox 1086 251 1343 308; x_wconf 76' lang='grc' dir='ltr'><strong><em>Ἐπιστολή,</em></strong></span> <span class='ocrx_word' id='word_1_11' title='bbox 1368 253 1528 311; x_wconf 78' lang='grc' dir='ltr'><strong><em>Ἰστός,</em></strong></span> 
     </span>
     <span class='ocr_line' id='line_1_3' title="bbox 54 327 1528 392; baseline 0.001 -13"><span class='ocrx_word' id='word_1_12' title='bbox 54 333 209 392; x_wconf 81' lang='grc' dir='ltr'><em>Λάμια</em></span> <span class='ocrx_word' id='word_1_13' title='bbox 224 330 531 392; x_wconf 60' lang='grc' dir='ltr'><strong>εῢ“Ρητορική,</strong></span> <span class='ocrx_word' id='word_1_14' title='bbox 559 335 716 377; x_wconf 86' lang='lat' dir='ltr'><strong>vitiosis</strong></span> <span class='ocrx_word' id='word_1_15' title='bbox 741 337 946 378; x_wconf 85' lang='lat' dir='ltr'><strong>debentur</strong></span> <span class='ocrx_word' id='word_1_16' title='bbox 973 336 1235 388; x_wconf 84' lang='lat' dir='ltr'><strong>lectionibus,</strong></span> <span class='ocrx_word' id='word_1_17' title='bbox 1265 342 1312 379; x_wconf 90' lang='lat' dir='ltr'><strong>ut</strong></span> <span class='ocrx_word' id='word_1_18' title='bbox 1330 351 1405 379; x_wconf 86' lang='lat' dir='ltr'><strong>suo</strong></span> <span class='ocrx_word' id='word_1_19' title='bbox 1434 327 1528 381; x_wconf 83' lang='lat' dir='ltr'><strong>loco</strong></span> 
     </span>
     <span class='ocr_line' id='line_1_4' title="bbox 54 418 295 458; baseline -0.004 0"><span class='ocrx_word' id='word_1_20' title='bbox 54 418 295 458; x_wconf 79' lang='lat' dir='ltr'><strong>videbimus.</strong></span> 
     </span>
    </p>

    <p class='ocr_par' dir='ltr' id='par_1_3' title="bbox 36 493 1538 1897">
     <span class='ocr_line' id='line_1_5' title="bbox 165 493 1530 539; baseline 0 -1"><span class='ocrx_word' id='word_1_21' title='bbox 165 498 382 538; x_wconf 79' lang='lat' dir='ltr'><strong>Certatum</strong></span> <span class='ocrx_word' id='word_1_22' title='bbox 423 500 467 537; x_wconf 88' lang='lat' dir='ltr'><strong>et</strong></span> <span class='ocrx_word' id='word_1_23' title='bbox 495 509 518 535; x_wconf 88' lang='lat' dir='ltr'><strong>a</strong></span> <span class='ocrx_word' id='word_1_24' title='bbox 548 494 711 535; x_wconf 87' lang='lat' dir='ltr'><strong>nemine</strong></span> <span class='ocrx_word' id='word_1_25' title='bbox 747 495 788 534; x_wconf 92' lang='lat' dir='ltr'><strong>in</strong></span> <span class='ocrx_word' id='word_1_26' title='bbox 820 494 990 534; x_wconf 85' lang='lat' dir='ltr'><strong>dubium</strong></span> <span class='ocrx_word' id='word_1_27' title='bbox 1018 497 1257 534; x_wconf 85' lang='lat' dir='ltr'><strong>vocatarum</strong></span> <span class='ocrx_word' id='word_1_28' title='bbox 1292 493 1530 539; x_wconf 86' lang='lat' dir='ltr'><strong>fabularum</strong></span> 
     </span>
     <span class='ocr_line' id='line_1_6' title="bbox 55 566 1532 629; baseline 0.001 -13"><span class='ocrx_word' id='word_1_29' title='bbox 55 589 177 628; x_wconf 79' lang='lat' dir='ltr'><strong>quam</strong></span> <span class='ocrx_word' id='word_1_30' title='bbox 207 577 340 629; x_wconf 88' lang='lat' dir='ltr'><strong>primo</strong></span> <span class='ocrx_word' id='word_1_31' title='bbox 369 575 462 614; x_wconf 91' lang='lat' dir='ltr'><strong>loco</strong></span> <span class='ocrx_word' id='word_1_32' title='bbox 493 574 903 614; x_wconf 82' lang='lat' dir='ltr'><strong>commemoravimus</strong></span> <span class='ocrx_word' id='word_1_33' title='bbox 936 566 1159 624; x_wconf 64' lang='lat' dir='ltr'><strong>’‘Aypcoa</strong></span> <span class='ocrx_word' id='word_1_34' title='bbox 1195 573 1449 627; x_wconf 81' lang='lat' dir='ltr'><strong>inscriptam,</strong></span> <span class='ocrx_word' id='word_1_35' title='bbox 1480 590 1532 617; x_wconf 86' lang='lat' dir='ltr'><strong>ea</strong></span> 
     </span>
     <span class='ocr_line' id='line_1_7' title="bbox 54 652 1531 707; baseline 0 -13"><span class='ocrx_word' id='word_1_36' title='bbox 54 656 305 707; x_wconf 77' lang='lat' dir='ltr'><strong>singularem</strong></span> <span class='ocrx_word' id='word_1_37' title='bbox 335 653 587 705; x_wconf 74' lang='lat' dir='ltr'><strong>diligentiam</strong></span> <span class='ocrx_word' id='word_1_38' title='bbox 625 656 793 703; x_wconf 84' lang='lat' dir='ltr'><strong>experta</strong></span> <span class='ocrx_word' id='word_1_39' title='bbox 833 655 896 691; x_wconf 87' lang='lat' dir='ltr'><strong>est</strong></span> <span class='ocrx_word' id='word_1_40' title='bbox 927 653 973 691; x_wconf 91' lang='lat' dir='ltr'><strong>C.</strong></span> <span class='ocrx_word' id='word_1_41' title='bbox 1004 652 1054 692; x_wconf 86' lang='lat' dir='ltr'><strong>F.</strong></span> <span class='ocrx_word' id='word_1_42' title='bbox 1086 652 1341 701; x_wconf 85' lang='lat' dir='ltr'><strong>Heinrichii,</strong></span> <span class='ocrx_word' id='word_1_43' title='bbox 1380 654 1449 704; x_wconf 87' lang='lat' dir='ltr'><strong>qui</strong></span> <span class='ocrx_word' id='word_1_44' title='bbox 1487 655 1531 694; x_wconf 84' lang='lat' dir='ltr'><strong>in</strong></span> 
     </span>
     <span class='ocr_line' id='line_1_8' title="bbox 50 730 1530 784; baseline 0.001 -12"><span class='ocrx_word' id='word_1_45' title='bbox 50 733 410 773; x_wconf 82' lang='lat' dir='ltr'><strong>Demonstratione</strong></span> <span class='ocrx_word' id='word_1_46' title='bbox 451 731 534 771; x_wconf 86' lang='lat' dir='ltr'><strong>loci</strong></span> <span class='ocrx_word' id='word_1_47' title='bbox 579 730 782 771; x_wconf 84' lang='lat' dir='ltr'><strong>Platonici</strong></span> <span class='ocrx_word' id='word_1_48' title='bbox 829 742 853 770; x_wconf 93' lang='lat' dir='ltr'><strong>e</strong></span> <span class='ocrx_word' id='word_1_49' title='bbox 896 730 1127 784; x_wconf 84' lang='lat' dir='ltr'><strong>Protagora</strong></span> <span class='ocrx_word' id='word_1_50' title='bbox 1165 731 1384 781; x_wconf 86' lang='lat' dir='ltr'><strong>(Kiloniae</strong></span> <span class='ocrx_word' id='word_1_51' title='bbox 1421 747 1530 774; x_wconf 86' lang='lat' dir='ltr'><strong>anno</strong></span> 
     </span>
     <span class='ocr_line' id='line_1_9' title="bbox 48 801 1532 866; baseline 0.001 -14"><span class='ocrx_word' id='word_1_52' title='bbox 48 801 378 862; x_wconf 82' lang='lat' dir='ltr'><strong>MDCCCXHI)</strong></span> <span class='ocrx_word' id='word_1_53' title='bbox 425 823 573 851; x_wconf 83' lang='lat' dir='ltr'><strong>novam</strong></span> <span class='ocrx_word' id='word_1_54' title='bbox 620 810 673 850; x_wconf 86' lang='lat' dir='ltr'><strong>de</strong></span> <span class='ocrx_word' id='word_1_55' title='bbox 713 822 762 849; x_wconf 89' lang='lat' dir='ltr'><strong>ea</strong></span> <span class='ocrx_word' id='word_1_56' title='bbox 800 810 1083 852; x_wconf 81' lang='lat' dir='ltr'><strong>coniecturam</strong></span> <span class='ocrx_word' id='word_1_57' title='bbox 1119 811 1293 866; x_wconf 88' lang='lat' dir='ltr'><strong>protulit</strong></span> <span class='ocrx_word' id='word_1_58' title='bbox 1331 816 1532 864; x_wconf 85' lang='lat' dir='ltr'><strong>tantoque</strong></span> 
     </span>
     <span class='ocr_line' id='line_1_10' title="bbox 44 889 1534 942; baseline 0.001 -11"><span class='ocrx_word' id='word_1_59' title='bbox 44 889 262 932; x_wconf 67' lang='lat' dir='ltr'><strong>:doctrinae</strong></span> <span class='ocrx_word' id='word_1_60' title='bbox 293 894 336 930; x_wconf 88' lang='lat' dir='ltr'><strong>et</strong></span> <span class='ocrx_word' id='word_1_61' title='bbox 362 890 519 942; x_wconf 83' lang='lat' dir='ltr'><strong>ingenii</strong></span> <span class='ocrx_word' id='word_1_62' title='bbox 548 893 748 942; x_wconf 86' lang='lat' dir='ltr'><strong>apparatu</strong></span> <span class='ocrx_word' id='word_1_63' title='bbox 779 891 1005 940; x_wconf 72' lang='lat' dir='ltr'><strong>exornavit,</strong></span> <span class='ocrx_word' id='word_1_64' title='bbox 1034 895 1082 930; x_wconf 90' lang='lat' dir='ltr'><strong>ut</strong></span> <span class='ocrx_word' id='word_1_65' title='bbox 1110 904 1192 931; x_wconf 91' lang='lat' dir='ltr'><strong>non</strong></span> <span class='ocrx_word' id='word_1_66' title='bbox 1221 891 1371 930; x_wconf 88' lang='lat' dir='ltr'><strong>mirum</strong></span> <span class='ocrx_word' id='word_1_67' title='bbox 1400 891 1467 940; x_wconf 84' lang='lat' dir='ltr'><strong>sit,</strong></span> <span class='ocrx_word' id='word_1_68' title='bbox 1497 892 1534 932; x_wconf 88' lang='lat' dir='ltr'><strong>si</strong></span> 
     </span>
     <span class='ocr_line' id='line_1_11' title="bbox 49 970 1534 1023; baseline 0.001 -13"><span class='ocrx_word' id='word_1_69' title='bbox 49 971 191 1010; x_wconf 82' lang='lat' dir='ltr'><strong>multis</strong></span> <span class='ocrx_word' id='word_1_70' title='bbox 228 970 301 1009; x_wconf 89' lang='lat' dir='ltr'><strong>ille</strong></span> <span class='ocrx_word' id='word_1_71' title='bbox 338 970 585 1009; x_wconf 83' lang='lat' dir='ltr'><strong>sententiam</strong></span> <span class='ocrx_word' id='word_1_72' title='bbox 616 982 731 1008; x_wconf 86' lang='lat' dir='ltr'><strong>suam</strong></span> <span class='ocrx_word' id='word_1_73' title='bbox 762 971 1109 1023; x_wconf 85' lang='lat' dir='ltr'><strong>comprobaverit.</strong></span> <span class='ocrx_word' id='word_1_74' title='bbox 1178 970 1248 1010; x_wconf 87' lang='lat' dir='ltr'><strong>Sic</strong></span> <span class='ocrx_word' id='word_1_75' title='bbox 1286 974 1425 1010; x_wconf 88' lang='lat' dir='ltr'><strong>autem</strong></span> <span class='ocrx_word' id='word_1_76' title='bbox 1459 970 1534 1011; x_wconf 83' lang='lat' dir='ltr'><strong>ine</strong></span> 
     </span>
     <span class='ocr_line' id='line_1_12' title="bbox 50 1047 1534 1102; baseline 0 -13"><span class='ocrx_word' id='word_1_77' title='bbox 50 1050 213 1098; x_wconf 82' lang='lat' dir='ltr'><strong>statuit,</strong></span> <span class='ocrx_word' id='word_1_78' title='bbox 248 1048 470 1101; x_wconf 72' lang='lat' dir='ltr'><strong>Agr-iorum</strong></span> <span class='ocrx_word' id='word_1_79' title='bbox 508 1054 799 1101; x_wconf 82' lang='lat' dir='ltr'><strong>argumentum</strong></span> <span class='ocrx_word' id='word_1_80' title='bbox 837 1053 1049 1102; x_wconf 81' lang='lat' dir='ltr'><strong>spectasse</strong></span> <span class='ocrx_word' id='word_1_81' title='bbox 1088 1047 1346 1101; x_wconf 85' lang='lat' dir='ltr'><strong>potissimum</strong></span> <span class='ocrx_word' id='word_1_82' title='bbox 1399 1052 1534 1089; x_wconf 89' lang='lat' dir='ltr'><strong>artem</strong></span> 
     </span>
     <span class='ocr_line' id='line_1_13' title="bbox 52 1127 1534 1181; baseline -0.001 -12"><span class='ocrx_word' id='word_1_83' title='bbox 52 1129 248 1169; x_wconf 81' lang='lat' dir='ltr'><strong>musicam</strong></span> <span class='ocrx_word' id='word_1_84' title='bbox 278 1135 321 1166; x_wconf 87' lang='lat' dir='ltr'><strong>et</strong></span> <span class='ocrx_word' id='word_1_85' title='bbox 350 1141 441 1167; x_wconf 84' lang='lat' dir='ltr'><strong>eam</strong></span> <span class='ocrx_word' id='word_1_86' title='bbox 471 1128 560 1168; x_wconf 87' lang='lat' dir='ltr'><strong>eius</strong></span> <span class='ocrx_word' id='word_1_87' title='bbox 591 1129 870 1180; x_wconf 85' lang='lat' dir='ltr'><strong>corruptelam</strong></span> <span class='ocrx_word' id='word_1_88' title='bbox 914 1142 1020 1181; x_wconf 82' lang='lat' dir='ltr'><strong>quae</strong></span> <span class='ocrx_word' id='word_1_89' title='bbox 1051 1128 1218 1167; x_wconf 87' lang='lat' dir='ltr'><strong>mutatis</strong></span> <span class='ocrx_word' id='word_1_90' title='bbox 1249 1127 1413 1179; x_wconf 84' lang='lat' dir='ltr'><strong>legibus</strong></span> <span class='ocrx_word' id='word_1_91' title='bbox 1442 1140 1534 1168; x_wconf 90' lang='lat' dir='ltr'><strong>mu-</strong></span> 
     </span>
     <span class='ocr_line' id='line_1_14' title="bbox 52 1205 1534 1258; baseline -0.001 -10"><span class='ocrx_word' id='word_1_92' title='bbox 52 1209 146 1248; x_wconf 86' lang='lat' dir='ltr'><strong>sicis</strong></span> <span class='ocrx_word' id='word_1_93' title='bbox 177 1208 334 1247; x_wconf 87' lang='lat' dir='ltr'><strong>animos</strong></span> <span class='ocrx_word' id='word_1_94' title='bbox 365 1206 594 1247; x_wconf 87' lang='lat' dir='ltr'><strong>dissolvere</strong></span> <span class='ocrx_word' id='word_1_95' title='bbox 625 1210 667 1246; x_wconf 89' lang='lat' dir='ltr'><strong>et</strong></span> <span class='ocrx_word' id='word_1_96' title='bbox 697 1219 896 1247; x_wconf 87' lang='lat' dir='ltr'><strong>enervare</strong></span> <span class='ocrx_word' id='word_1_97' title='bbox 925 1208 1065 1248; x_wconf 88' lang='lat' dir='ltr'><strong>multis</strong></span> <span class='ocrx_word' id='word_1_98' title='bbox 1095 1206 1182 1247; x_wconf 71' lang='lat' dir='ltr'><strong>visa</strong></span> <span class='ocrx_word' id='word_1_99' title='bbox 1212 1205 1364 1255; x_wconf 82' lang='lat' dir='ltr'><strong>fuerit3</strong></span> <span class='ocrx_word' id='word_1_100' title='bbox 1406 1207 1534 1258; x_wconf 84' lang='lat' dir='ltr'><strong>idque</strong></span> 
     </span>
     <span class='ocr_line' id='line_1_15' title="bbox 40 1266 1534 1339; baseline -0.001 -13"><span class='ocrx_word' id='word_1_101' title='bbox 40 1298 253 1339; x_wconf 63' lang='lat' dir='ltr'><strong>apparere</strong></span> <span class='ocrx_word' id='word_1_102' title='bbox 285 1298 309 1324; x_wconf 91' lang='lat' dir='ltr'><strong>e</strong></span> <span class='ocrx_word' id='word_1_103' title='bbox 337 1266 571 1337; x_wconf 81' lang='lat' dir='ltr'><strong>fragmento</strong></span> <span class='ocrx_word' id='word_1_104' title='bbox 602 1286 778 1338; x_wconf 85' lang='lat' dir='ltr'><strong>quodam</strong></span> <span class='ocrx_word' id='word_1_105' title='bbox 811 1287 921 1338; x_wconf 88' lang='lat' dir='ltr'><strong>apud</strong></span> <span class='ocrx_word' id='word_1_106' title='bbox 946 1287 1115 1327; x_wconf 88' lang='lat' dir='ltr'><strong>Suidam</strong></span> <span class='ocrx_word' id='word_1_107' title='bbox 1146 1298 1180 1325; x_wconf 90' lang='lat' dir='ltr'><strong>s.</strong></span> <span class='ocrx_word' id='word_1_108' title='bbox 1197 1299 1234 1325; x_wconf 88' lang='lat' dir='ltr'><strong>v.</strong></span> <span class='ocrx_word' id='word_1_109' title='bbox 1254 1282 1416 1339; x_wconf 79' lang='grc' dir='ltr'><em>Χαῖρις</em></span> <span class='ocrx_word' id='word_1_110' title='bbox 1440 1280 1534 1326; x_wconf 66' lang='grc' dir='ltr'>ἐι·-</span> 
     </span>
     <span class='ocr_line' id='line_1_16' title="bbox 39 1365 1535 1417; baseline -0.001 -12"><span class='ocrx_word' id='word_1_111' title='bbox 39 1369 166 1414; x_wconf 75' lang='lat' dir='ltr'><strong>:vato,</strong></span> <span class='ocrx_word' id='word_1_112' title='bbox 199 1365 243 1405; x_wconf 87' lang='lat' dir='ltr'><strong>in</strong></span> <span class='ocrx_word' id='word_1_113' title='bbox 274 1376 354 1417; x_wconf 82' lang='lat' dir='ltr'><strong>quo</strong></span> <span class='ocrx_word' id='word_1_114' title='bbox 394 1365 497 1404; x_wconf 87' lang='lat' dir='ltr'><strong>duos</strong></span> <span class='ocrx_word' id='word_1_115' title='bbox 527 1369 691 1404; x_wconf 84' lang='lat' dir='ltr'><strong>actores</strong></span> <span class='ocrx_word' id='word_1_116' title='bbox 729 1365 782 1404; x_wconf 90' lang='lat' dir='ltr'><strong>de</strong></span> <span class='ocrx_word' id='word_1_117' title='bbox 811 1366 971 1406; x_wconf 88' lang='lat' dir='ltr'><strong>Melete</strong></span> <span class='ocrx_word' id='word_1_118' title='bbox 1009 1370 1051 1405; x_wconf 89' lang='lat' dir='ltr'><strong>et</strong></span> <span class='ocrx_word' id='word_1_119' title='bbox 1081 1365 1311 1415; x_wconf 85' lang='lat' dir='ltr'><strong>Chaeride,</strong></span> <span class='ocrx_word' id='word_1_120' title='bbox 1349 1365 1535 1405; x_wconf 81' lang='lat' dir='ltr'><strong>musicae</strong></span> 
     </span>
     <span class='ocr_line' id='line_1_17' title="bbox 40 1444 1535 1498; baseline 0 -14"><span class='ocrx_word' id='word_1_121' title='bbox 40 1445 151 1485; x_wconf 67' lang='lat' dir='ltr'><strong>artis</strong></span> <span class='ocrx_word' id='word_1_122' title='bbox 190 1445 501 1497; x_wconf 87' lang='lat' dir='ltr'><strong>corruptoribus</strong></span> <span class='ocrx_word' id='word_1_123' title='bbox 539 1445 767 1496; x_wconf 86' lang='lat' dir='ltr'><strong>primariis,</strong></span> <span class='ocrx_word' id='word_1_124' title='bbox 812 1446 1099 1498; x_wconf 85' lang='lat' dir='ltr'><strong>colloquentes</strong></span> <span class='ocrx_word' id='word_1_125' title='bbox 1147 1458 1171 1484; x_wconf 87' lang='lat' dir='ltr'><strong>a</strong></span> <span class='ocrx_word' id='word_1_126' title='bbox 1208 1449 1335 1498; x_wconf 89' lang='lat' dir='ltr'><strong>poeta</strong></span> <span class='ocrx_word' id='word_1_127' title='bbox 1378 1444 1535 1486; x_wconf 84' lang='lat' dir='ltr'><strong>induci.</strong></span> 
     </span>
     <span class='ocr_line' id='line_1_18' title="bbox 39 1510 1537 1577; baseline 0.001 -13"><span class='ocrx_word' id='word_1_128' title='bbox 39 1510 118 1566; x_wconf 65' lang='grc' dir='ltr'><strong>Ἐκ</strong></span> <span class='ocrx_word' id='word_1_129' title='bbox 155 1524 300 1563; x_wconf 81' lang='lat' dir='ltr'><strong>eadem</strong></span> <span class='ocrx_word' id='word_1_130' title='bbox 339 1523 481 1563; x_wconf 85' lang='lat' dir='ltr'><strong>fabula</strong></span> <span class='ocrx_word' id='word_1_131' title='bbox 524 1525 764 1577; x_wconf 83' lang='lat' dir='ltr'><strong>desumptus</strong></span> <span class='ocrx_word' id='word_1_132' title='bbox 801 1538 894 1569; x_wconf 82' lang='lat' dir='ltr'><strong>esse</strong></span> <span class='ocrx_word' id='word_1_133' title='bbox 931 1538 1076 1565; x_wconf 88' lang='lat' dir='ltr'><strong>versus</strong></span> <span class='ocrx_word' id='word_1_134' title='bbox 1122 1525 1218 1565; x_wconf 90' lang='lat' dir='ltr'><strong>illos</strong></span> <span class='ocrx_word' id='word_1_135' title='bbox 1257 1524 1537 1566; x_wconf 76' lang='lat' dir='ltr'><strong>nobilissimos</strong></span> 
     </span>
     <span class='ocr_line' id='line_1_19' title="bbox 36 1602 1537 1659; baseline 0.002 -18"><span class='ocrx_word' id='word_1_136' title='bbox 36 1604 162 1658; x_wconf 49' lang='lat' dir='ltr'><strong>{apud</strong></span> <span class='ocrx_word' id='word_1_137' title='bbox 199 1602 468 1644; x_wconf 82' lang='lat' dir='ltr'><strong>Plutarchum</strong></span> <span class='ocrx_word' id='word_1_138' title='bbox 508 1604 561 1644; x_wconf 91' lang='lat' dir='ltr'><strong>de</strong></span> <span class='ocrx_word' id='word_1_139' title='bbox 597 1605 708 1645; x_wconf 88' lang='lat' dir='ltr'><strong>Mus.</strong></span> <span class='ocrx_word' id='word_1_140' title='bbox 744 1618 788 1659; x_wconf 86' lang='lat' dir='ltr'><strong>p.</strong></span> <span class='ocrx_word' id='word_1_141' title='bbox 827 1605 936 1645; x_wconf 82' lang='lat'>1141</span> <span class='ocrx_word' id='word_1_142' title='bbox 977 1606 1028 1646; x_wconf 90' lang='lat' dir='ltr'><strong>D.</strong></span> <span class='ocrx_word' id='word_1_143' title='bbox 1068 1618 1151 1645; x_wconf 86' lang='lat' dir='ltr'><strong>non</strong></span> <span class='ocrx_word' id='word_1_144' title='bbox 1189 1605 1328 1645; x_wconf 84' lang='lat' dir='ltr'><strong>addito</strong></span> <span class='ocrx_word' id='word_1_145' title='bbox 1368 1603 1537 1644; x_wconf 87' lang='lat' dir='ltr'><strong>fabulae</strong></span> 
     </span>
     <span class='ocr_line' id='line_1_20' title="bbox 57 1683 1537 1737; baseline 0 -13"><span class='ocrx_word' id='word_1_146' title='bbox 57 1685 176 1725; x_wconf 86' lang='lat' dir='ltr'><strong>titulo</strong></span> <span class='ocrx_word' id='word_1_147' title='bbox 225 1688 436 1732; x_wconf 75' lang='lat' dir='ltr'><strong>servatos,</strong></span> <span class='ocrx_word' id='word_1_148' title='bbox 483 1696 586 1737; x_wconf 87' lang='lat' dir='ltr'><strong>quos</strong></span> <span class='ocrx_word' id='word_1_149' title='bbox 632 1696 726 1724; x_wconf 90' lang='lat' dir='ltr'><strong>cum</strong></span> <span class='ocrx_word' id='word_1_150' title='bbox 776 1684 1055 1725; x_wconf 85' lang='lat' dir='ltr'><strong>Nicomachus</strong></span> <span class='ocrx_word' id='word_1_151' title='bbox 1093 1685 1281 1726; x_wconf 87' lang='lat' dir='ltr'><strong>Musicus</strong></span> <span class='ocrx_word' id='word_1_152' title='bbox 1318 1684 1465 1724; x_wconf 84' lang='lat' dir='ltr'><strong>Harm.</strong></span> <span class='ocrx_word' id='word_1_153' title='bbox 1495 1683 1537 1724; x_wconf 88' lang='lat'><strong>11</strong></span> 
     </span>
     <span class='ocr_line' id='line_1_21' title="bbox 42 1761 1538 1818; baseline 0.001 -17"><span class='ocrx_word' id='word_1_154' title='bbox 42 1762 221 1818; x_wconf 75' lang='lat' dir='ltr'><strong>,·p.35.e</strong></span> <span class='ocrx_word' id='word_1_155' title='bbox 248 1762 513 1803; x_wconf 84' lang='lat' dir='ltr'><strong>Pherecratis</strong></span> <span class='ocrx_word' id='word_1_156' title='bbox 531 1764 714 1804; x_wconf 89' lang='lat' dir='ltr'><strong>Chirone</strong></span> <span class='ocrx_word' id='word_1_157' title='bbox 746 1765 893 1804; x_wconf 89' lang='lat' dir='ltr'><strong>ductos</strong></span> <span class='ocrx_word' id='word_1_158' title='bbox 925 1778 1018 1804; x_wconf 90' lang='lat' dir='ltr'><strong>esse</strong></span> <span class='ocrx_word' id='word_1_159' title='bbox 1048 1763 1356 1817; x_wconf 84' lang='lat' dir='ltr'><strong>significaverit,</strong></span> <span class='ocrx_word' id='word_1_160' title='bbox 1388 1761 1538 1803; x_wconf 84' lang='lat' dir='ltr'><strong>confici</strong></span> 
     </span>
     <span class='ocr_line' id='line_1_22' title="bbox 40 1843 1537 1897; baseline -0.001 -13"><span class='ocrx_word' id='word_1_161' title='bbox 40 1843 200 1897; x_wconf 36' lang='lat' dir='ltr'><strong>*Agrios</strong></span> <span class='ocrx_word' id='word_1_162' title='bbox 228 1846 271 1883; x_wconf 89' lang='lat' dir='ltr'><strong>et</strong></span> <span class='ocrx_word' id='word_1_163' title='bbox 300 1843 525 1883; x_wconf 88' lang='lat' dir='ltr'><strong>Chironem</strong></span> <span class='ocrx_word' id='word_1_164' title='bbox 554 1856 679 1884; x_wconf 88' lang='lat' dir='ltr'><strong>unam</strong></span> <span class='ocrx_word' id='word_1_165' title='bbox 710 1845 966 1896; x_wconf 86' lang='lat' dir='ltr'><strong>eandemque</strong></span> <span class='ocrx_word' id='word_1_166' title='bbox 996 1843 1127 1883; x_wconf 86' lang='lat' dir='ltr'><strong>fuisse</strong></span> <span class='ocrx_word' id='word_1_167' title='bbox 1156 1843 1354 1892; x_wconf 82' lang='lat' dir='ltr'><strong>fabulam,</strong></span> <span class='ocrx_word' id='word_1_168' title='bbox 1384 1843 1427 1882; x_wconf 81' lang='lat' dir='ltr'><strong>in</strong></span> <span class='ocrx_word' id='word_1_169' title='bbox 1455 1855 1537 1894; x_wconf 81' lang='lat' dir='ltr'><strong>qua</strong></span> 
     </span>
    </p>

    <p class='ocr_par' dir='ltr' id='par_1_4' title="bbox 18 1903 1538 2517">
     <span class='ocr_line' id='line_1_23' title="bbox 18 1903 1538 1978; baseline -0.001 -15"><span class='ocrx_word' id='word_1_170' title='bbox 18 1903 21 1905; x_wconf 92' lang='lat'><em>.</em></span> <span class='ocrx_word' id='word_1_171' title='bbox 48 1922 236 1972; x_wconf 85' lang='lat' dir='ltr'><strong>Chironi,</strong></span> <span class='ocrx_word' id='word_1_172' title='bbox 265 1924 473 1963; x_wconf 88' lang='lat' dir='ltr'><strong>Centauro</strong></span> <span class='ocrx_word' id='word_1_173' title='bbox 502 1924 565 1963; x_wconf 87' lang='lat' dir='ltr'><strong>illi</strong></span> <span class='ocrx_word' id='word_1_174' title='bbox 592 1918 921 1978; x_wconf 78' lang='grc' dir='ltr'><em>μουσικωτάτῳ,</em></span> <span class='ocrx_word' id='word_1_175' title='bbox 951 1926 1091 1976; x_wconf 85' lang='lat' dir='ltr'><strong>partes</strong></span> <span class='ocrx_word' id='word_1_176' title='bbox 1122 1923 1314 1963; x_wconf 87' lang='lat' dir='ltr'><strong>antistitis</strong></span> <span class='ocrx_word' id='word_1_177' title='bbox 1346 1925 1387 1962; x_wconf 92' lang='lat' dir='ltr'><strong>et</strong></span> <span class='ocrx_word' id='word_1_178' title='bbox 1420 1922 1538 1974; x_wconf 85' lang='lat' dir='ltr'><strong>quasi</strong></span> 
     </span>
     <span class='ocr_line' id='line_1_24' title="bbox 39 2001 1536 2055; baseline 0.001 -17"><span class='ocrx_word' id='word_1_179' title='bbox 39 2003 369 2055; x_wconf 79' lang='lat' dir='ltr'><strong>:propugnatoris</strong></span> <span class='ocrx_word' id='word_1_180' title='bbox 397 2007 587 2042; x_wconf 85' lang='lat' dir='ltr'><strong>vetustae</strong></span> <span class='ocrx_word' id='word_1_181' title='bbox 626 2005 668 2042; x_wconf 85' lang='lat' dir='ltr'><strong>et</strong></span> <span class='ocrx_word' id='word_1_182' title='bbox 698 2004 904 2042; x_wconf 87' lang='lat' dir='ltr'><strong>masculae</strong></span> <span class='ocrx_word' id='word_1_183' title='bbox 934 2003 1118 2042; x_wconf 89' lang='lat' dir='ltr'><strong>musicae</strong></span> <span class='ocrx_word' id='word_1_184' title='bbox 1155 2006 1281 2055; x_wconf 88' lang='lat' dir='ltr'><strong>poeta</strong></span> <span class='ocrx_word' id='word_1_185' title='bbox 1312 2001 1536 2041; x_wconf 84' lang='lat' dir='ltr'><strong>demanda-</strong></span> 
     </span>
     <span class='ocr_line' id='line_1_25' title="bbox 54 2081 1538 2137; baseline -0.001 -17"><span class='ocrx_word' id='word_1_186' title='bbox 54 2081 170 2130; x_wconf 78' lang='lat' dir='ltr'><strong>verit,</strong></span> <span class='ocrx_word' id='word_1_187' title='bbox 199 2082 360 2134; x_wconf 91' lang='lat' dir='ltr'><strong>reliquo</strong></span> <span class='ocrx_word' id='word_1_188' title='bbox 392 2083 695 2123; x_wconf 88' lang='lat' dir='ltr'><strong>Centaurorum</strong></span> <span class='ocrx_word' id='word_1_189' title='bbox 724 2095 853 2137; x_wconf 78' lang='lat' dir='ltr'><strong>grege</strong></span> <span class='ocrx_word' id='word_1_190' title='bbox 884 2082 999 2122; x_wconf 86' lang='lat' dir='ltr'><strong>chori</strong></span> <span class='ocrx_word' id='word_1_191' title='bbox 1027 2086 1167 2135; x_wconf 87' lang='lat' dir='ltr'><strong>partes</strong></span> <span class='ocrx_word' id='word_1_192' title='bbox 1198 2082 1453 2129; x_wconf 81' lang='lat' dir='ltr'><strong>sustinente,</strong></span> <span class='ocrx_word' id='word_1_193' title='bbox 1485 2092 1538 2119; x_wconf 80' lang='lat' dir='ltr'><strong>ex</strong></span> 
     </span>
     <span class='ocr_line' id='line_1_26' title="bbox 55 2161 1538 2214; baseline -0.001 -14"><span class='ocrx_word' id='word_1_194' title='bbox 55 2173 134 2214; x_wconf 88' lang='lat' dir='ltr'><strong>quo</strong></span> <span class='ocrx_word' id='word_1_195' title='bbox 164 2163 294 2213; x_wconf 86' lang='lat' dir='ltr'><strong>sequi,</strong></span> <span class='ocrx_word' id='word_1_196' title='bbox 324 2163 466 2214; x_wconf 88' lang='lat' dir='ltr'><strong>inepte</strong></span> <span class='ocrx_word' id='word_1_197' title='bbox 495 2162 607 2214; x_wconf 90' lang='lat' dir='ltr'><strong>apud</strong></span> <span class='ocrx_word' id='word_1_198' title='bbox 636 2161 854 2201; x_wconf 90' lang='lat' dir='ltr'><strong>Platonem</strong></span> <span class='ocrx_word' id='word_1_199' title='bbox 886 2161 1002 2200; x_wconf 90' lang='lat' dir='ltr'><strong>Prot.</strong></span> <span class='ocrx_word' id='word_1_200' title='bbox 1032 2174 1074 2213; x_wconf 83' lang='lat' dir='ltr'><strong>p.</strong></span> <span class='ocrx_word' id='word_1_201' title='bbox 1094 2161 1182 2200; x_wconf 76' lang='lat'><strong>528</strong></span> <span class='ocrx_word' id='word_1_202' title='bbox 1212 2161 1368 2200; x_wconf 88' lang='lat' dir='ltr'><strong>Heind.</strong></span> <span class='ocrx_word' id='word_1_203' title='bbox 1399 2161 1538 2211; x_wconf 88' lang='lat' dir='ltr'><strong>ipsum</strong></span> 
     </span>
     <span class='ocr_line' id='line_1_27' title="bbox 49 2234 1538 2293; baseline -0.003 -11"><span class='ocrx_word' id='word_1_204' title='bbox 49 2241 168 2282; x_wconf 84' lang='lat' dir='ltr'><strong>illum</strong></span> <span class='ocrx_word' id='word_1_205' title='bbox 196 2241 418 2293; x_wconf 81' lang='lat' dir='ltr'><strong>Agriorum</strong></span> <span class='ocrx_word' id='word_1_206' title='bbox 447 2241 619 2280; x_wconf 89' lang='lat' dir='ltr'><strong>chorum</strong></span> <span class='ocrx_word' id='word_1_207' title='bbox 651 2255 675 2280; x_wconf 89' lang='lat' dir='ltr'><strong>e</strong></span> <span class='ocrx_word' id='word_1_208' title='bbox 703 2234 1048 2293; x_wconf 75' lang='grc' dir='ltr'><strong><em>μισανθρώποις</em></strong></span> <span class='ocrx_word' id='word_1_209' title='bbox 1079 2244 1271 2279; x_wconf 89' lang='lat' dir='ltr'><strong>constare</strong></span> <span class='ocrx_word' id='word_1_210' title='bbox 1303 2239 1398 2287; x_wconf 84' lang='lat' dir='ltr'><strong>dici,</strong></span> <span class='ocrx_word' id='word_1_211' title='bbox 1431 2250 1538 2290; x_wconf 77' lang='lat' dir='ltr'><strong>quo-</strong></span> 
     </span>
     <span class='ocr_line' id='line_1_28' title="bbox 41 2313 1538 2374; baseline -0.001 -16"><span class='ocrx_word' id='word_1_212' title='bbox 41 2332 146 2358; x_wconf 65' lang='lat' dir='ltr'><strong>vrum</strong></span> <span class='ocrx_word' id='word_1_213' title='bbox 184 2320 227 2358; x_wconf 86' lang='lat' dir='ltr'><strong>in</strong></span> <span class='ocrx_word' id='word_1_214' title='bbox 265 2319 402 2357; x_wconf 90' lang='lat' dir='ltr'><strong>locum</strong></span> <span class='ocrx_word' id='word_1_215' title='bbox 439 2319 475 2358; x_wconf 88' lang='lat' dir='ltr'><strong>si</strong></span> <span class='ocrx_word' id='word_1_216' title='bbox 513 2313 833 2374; x_wconf 74' lang='grc' dir='ltr'><em>ἡμιάνθρωποι</em></span> <span class='ocrx_word' id='word_1_217' title='bbox 871 2318 1195 2367; x_wconf 86' lang='lat' dir='ltr'><strong>substituantur,</strong></span> <span class='ocrx_word' id='word_1_218' title='bbox 1244 2317 1346 2358; x_wconf 87' lang='lat' dir='ltr'><strong>nihil</strong></span> <span class='ocrx_word' id='word_1_219' title='bbox 1388 2317 1538 2357; x_wconf 78' lang='lat' dir='ltr'><strong>deesse</strong></span> 
     </span>
     <span class='ocr_line' id='line_1_29' title="bbox 53 2396 1537 2451; baseline -0.001 -13"><span class='ocrx_word' id='word_1_220' title='bbox 53 2399 146 2438; x_wconf 88' lang='lat' dir='ltr'><strong>loco</strong></span> <span class='ocrx_word' id='word_1_221' title='bbox 174 2397 238 2436; x_wconf 88' lang='lat' dir='ltr'><strong>illi</strong></span> <span class='ocrx_word' id='word_1_222' title='bbox 265 2396 479 2437; x_wconf 88' lang='lat' dir='ltr'><strong>Platonico</strong></span> <span class='ocrx_word' id='word_1_223' title='bbox 519 2410 568 2437; x_wconf 82' lang='lat' dir='ltr'><strong>ex</strong></span> <span class='ocrx_word' id='word_1_224' title='bbox 599 2398 773 2437; x_wconf 89' lang='lat' dir='ltr'><strong>molesta</strong></span> <span class='ocrx_word' id='word_1_225' title='bbox 814 2402 856 2436; x_wconf 87' lang='lat' dir='ltr'><strong>et</strong></span> <span class='ocrx_word' id='word_1_226' title='bbox 887 2397 1080 2438; x_wconf 88' lang='lat' dir='ltr'><strong>diuturna</strong></span> <span class='ocrx_word' id='word_1_227' title='bbox 1119 2399 1297 2451; x_wconf 81' lang='lat' dir='ltr'><strong>caligine</strong></span> <span class='ocrx_word' id='word_1_228' title='bbox 1325 2397 1369 2437; x_wconf 88' lang='lat' dir='ltr'><strong>in</strong></span> <span class='ocrx_word' id='word_1_229' title='bbox 1399 2396 1537 2437; x_wconf 88' lang='lat' dir='ltr'><strong>lucem</strong></span> 
     </span>
     <span class='ocr_line' id='line_1_30' title="bbox 54 2477 300 2517; baseline -0.004 0"><span class='ocrx_word' id='word_1_230' title='bbox 54 2477 300 2517; x_wconf 86' lang='lat' dir='ltr'><strong>revocando.</strong></span> 
     </span>
    </p>

    <p class='ocr_par' dir='ltr' id='par_1_5' title="bbox 53 2553 1538 2768">
     <span class='ocr_line' id='line_1_31' title="bbox 165 2553 1536 2609; baseline -0.002 -15"><span class='ocrx_word' id='word_1_231' title='bbox 165 2555 213 2595; x_wconf 87' lang='lat' dir='ltr'><strong>In</strong></span> <span class='ocrx_word' id='word_1_232' title='bbox 248 2554 314 2594; x_wconf 84' lang='lat' dir='ltr'><strong>his</strong></span> <span class='ocrx_word' id='word_1_233' title='bbox 350 2557 399 2594; x_wconf 87' lang='lat' dir='ltr'><strong>ut</strong></span> <span class='ocrx_word' id='word_1_234' title='bbox 445 2565 590 2592; x_wconf 86' lang='lat' dir='ltr'><strong>verum</strong></span> <span class='ocrx_word' id='word_1_235' title='bbox 628 2565 721 2592; x_wconf 85' lang='lat' dir='ltr'><strong>esse</strong></span> <span class='ocrx_word' id='word_1_236' title='bbox 760 2554 984 2595; x_wconf 88' lang='lat' dir='ltr'><strong>concedam</strong></span> <span class='ocrx_word' id='word_1_237' title='bbox 1024 2557 1134 2607; x_wconf 86' lang='lat' dir='ltr'><strong>quod</strong></span> <span class='ocrx_word' id='word_1_238' title='bbox 1171 2557 1306 2609; x_wconf 85' lang='lat' dir='ltr'><strong>primo</strong></span> <span class='ocrx_word' id='word_1_239' title='bbox 1341 2555 1434 2595; x_wconf 89' lang='lat' dir='ltr'><strong>loco</strong></span> <span class='ocrx_word' id='word_1_240' title='bbox 1474 2553 1536 2597; x_wconf 72' lang='lat' dir='ltr'><strong>vir</strong></span> 
     </span>
     <span class='ocr_line' id='line_1_32' title="bbox 53 2627 1538 2688; baseline -0.001 -14"><span class='ocrx_word' id='word_1_241' title='bbox 53 2634 315 2677; x_wconf 80' lang='lat' dir='ltr'><strong>doctissimus</strong></span> <span class='ocrx_word' id='word_1_242' title='bbox 341 2633 397 2674; x_wconf 83' lang='lat' dir='ltr'><strong>de</strong></span> <span class='ocrx_word' id='word_1_243' title='bbox 426 2637 671 2686; x_wconf 78' lang='lat' dir='ltr'><strong>argumento</strong></span> <span class='ocrx_word' id='word_1_244' title='bbox 702 2632 867 2674; x_wconf 78' lang='lat' dir='ltr'><strong>fabulae</strong></span> <span class='ocrx_word' id='word_1_245' title='bbox 892 2627 1090 2688; x_wconf 76' lang='grc' dir='ltr'><em>’Λγρίων</em></span> <span class='ocrx_word' id='word_1_246' title='bbox 1119 2636 1284 2676; x_wconf 90' lang='lat' dir='ltr'><strong>nomine</strong></span> <span class='ocrx_word' id='word_1_247' title='bbox 1314 2635 1538 2687; x_wconf 85' lang='lat' dir='ltr'><strong>inscriptae</strong></span> 
     </span>
     <span class='ocr_line' id='line_1_33' title="bbox 57 2711 1537 2768; baseline -0.001 -14"><span class='ocrx_word' id='word_1_248' title='bbox 57 2714 219 2766; x_wconf 84' lang='lat' dir='ltr'><strong>posuit,</strong></span> <span class='ocrx_word' id='word_1_249' title='bbox 259 2726 341 2754; x_wconf 90' lang='lat' dir='ltr'><strong>non</strong></span> <span class='ocrx_word' id='word_1_250' title='bbox 379 2716 493 2753; x_wconf 84' lang='lat' dir='ltr'><strong>recte</strong></span> <span class='ocrx_word' id='word_1_251' title='bbox 532 2717 669 2753; x_wconf 90' lang='lat' dir='ltr'><strong>tamen</strong></span> <span class='ocrx_word' id='word_1_252' title='bbox 707 2711 789 2754; x_wconf 85' lang='lat' dir='ltr'><strong>hoc</strong></span> <span class='ocrx_word' id='word_1_253' title='bbox 820 2728 868 2754; x_wconf 85' lang='lat' dir='ltr'><strong>ex</strong></span> <span class='ocrx_word' id='word_1_254' title='bbox 898 2715 979 2756; x_wconf 89' lang='lat' dir='ltr'><strong>illis</strong></span> <span class='ocrx_word' id='word_1_255' title='bbox 1011 2716 1119 2768; x_wconf 82' lang='lat' dir='ltr'><strong>apud</strong></span> <span class='ocrx_word' id='word_1_256' title='bbox 1150 2715 1319 2755; x_wconf 81' lang='lat' dir='ltr'><strong>suidam</strong></span> <span class='ocrx_word' id='word_1_257' title='bbox 1349 2714 1537 2754; x_wconf 79' lang='lat' dir='ltr'><strong>versibus</strong></span> 
     </span>
    </p>
   </div>
  </div>
 </body>
</html>
