1702 3190
220 185 303 227 212
773 195 1072 225 anxa-romanus.

221 301 334 336 ctare
362 293 549 334 arbitror.
608 293 667 332 ne
699 296 847 335 ceteris
876 296 950 335 viri
981 296 1102 335 rebus
1132 296 1231 336 nihil
1261 304 1510 350 compertum
1541 300 1662 342 habe-

221 385 326 421 mus,
355 372 431 413 nisi
461 371 567 423 quod
598 376 666 411 aut
694 372 782 423 lpse
812 377 881 412 aut
911 377 1026 425 pater
1056 373 1144 412 eius
1176 374 1359 414 fabrilem
1391 382 1518 415 artem
1548 377 1663 417 facti-

221 456 330 490 tasse
358 451 538 499 videtur,
569 461 687 501 quam
719 451 786 502 qui
817 451 1035 502 opprobrio
1068 452 1104 490 ei
1134 456 1294 491 vertere
1325 431 1496 502 vellent,
1528 452 1667 507 θυρο-

220 525 350 569 ποιὸν
379 540 471 568 eum
502 527 772 579 appellabant,
802 532 908 567 teste
938 528 1062 567 Suida
1092 528 1117 567 Ι.
1149 528 1176 568 l.
1208 534 1247 568 et
1273 532 1495 583 Hesychio,
1530 529 1666 584 &1190-

221 602 367 654 ποιόςῑ
420 598 555 652 οὕτως
598 603 790 643 ἐκαλεῖτο
835 598 1151 657 Ἀριστολιιὲνης
1194 601 1217 644 ὁ
1261 603 1444 658 κωμικὸςι
1487 606 1667 658 ποιητὴς

221 682 482 730 σκωπτικῶς.
512 684 758 722 Fabularum
781 683 933 731 titulos,
956 690 1119 735 praeter
1138 678 1146 690 ‘
1165 680 1410 736 Υλοᾳόρους
1425 691 1464 725 et
1488 682 1666 740 ’'Ab'ssm-

221 774 311 812 τον,
344 774 513 814 quarum
544 761 646 799 nihil
675 764 877 799 servatum
909 765 982 808 est,
1012 767 1379 802 commemorantur
1409 769 1505 805 tres.

335 840 515 879 Primum
543 832 790 885 Βοηθοί,
819 837 933 878 cuius
963 839 1106 878 titulus
1132 840 1173 878 in
1190 837 1349 881 ΖὶΙῦθοι
1372 847 1586 895 corruptus
1605 846 1666 884 est

219 918 328 972 apud
359 915 613 956 Macrobium
643 915 727 954 Sat.
758 915 794 955 V
823 916 891 964 20,
929 919 975 955 ut
1000 919 1111 967 patet
1141 930 1165 956 e
1195 917 1317 957 Suida
1346 931 1378 958 s.
1408 933 1444 959 v.
1476 928 1664 972 ψαμμα-

219 989 540 1047 κοσιογάργαρα
570 999 612 1032 et
640 993 866 1032 Scholiasta
896 994 1178 1044 Aristophanis
1207 995 1381 1035 Acharn.
1412 996 1451 1036 8.
1511 998 1665 1039 Eadem

220 1074 328 1127 apud
359 1072 613 1112 Priscianum
644 1071 760 1111 XVII
797 1084 837 1122 p.
860 1071 912 1109 91
945 1075 987 1108 et
1016 1071 1098 1109 232
1137 1072 1201 1110 ed.
1237 1073 1373 1112 Krehl.
1403 1075 1665 1127 Aristophani

221 1152 435 1199 tribuitur,
479 1150 545 1189 cui
583 1149 852 1190 Aristomenis
889 1160 1034 1186 nomen
1080 1148 1406 1190 substituendum
1445 1165 1534 1191 esse
1573 1158 1664 1205 post

218 1229 456 1270 Reinesium
495 1228 649 1267 monuit
678 1227 903 1266 Brunckius
933 1226 1095 1277 Fragm.
1126 1227 1333 1280 Aristoph.
1373 1243 1410 1281 p.
1441 1231 1522 1269 122
1552 1231 1663 1283 Lips.

219 1309 371 1349 Contra
399 1310 513 1346 recte
543 1305 788 1346 Aristomeni
819 1303 1044 1354 assignatur
1068 1303 1176 1354 apud
1206 1306 1380 1346 eundem
1412 1307 1664 1350 Priscianum

218 1385 359 1427 XVIII
390 1399 430 1437 p.
459 1383 555 1432 250,
583 1384 653 1423 ubi
682 1383 772 1423 cod.
803 1383 965 1421 Monac.
996 1381 1102 1433 apud
1133 1381 1395 1434 Spengelium
1426 1386 1664 1437 Appendice

219 1464 269 1504 ad
298 1465 523 1505 Varronem
553 1474 592 1514 p.
624 1462 703 1502 627
735 1461 858 1499 habet
888 1459 1270 1500 Cristomenes.
1311 1462 1592 1514 Aristophanis
1623 1467 1665 1505 et

219 1541 489 1583 Aristomenis
526 1540 688 1580 nomina
726 1537 1031 1578 confunduntur
1062 1537 1181 1576 etiam
1213 1538 1320 1589 apud
1348 1539 1556 1580 Pollucem
1586 1542 1666 1583 VII

219 1621 318 1669 211,
359 1619 616 1659 Athenaeum
652 1617 750 1658 XIV
789 1628 830 1668 p.
860 1615 979 1654 658a
1016 1619 1058 1653 et
1095 1614 1369 1666 Phrynichum
1407 1618 1509 1670 App.
1545 1619 1664 1672 soph.

219 1711 260 1753 p.
291 1698 359 1747 23,
397 1698 467 1737 ubi
496 1695 765 1738 Aristomenis
805 1706 952 1733 nomen
983 1693 1263 1745 reponendum
1295 1707 1385 1733 esse
1415 1699 1570 1736 monuit
1599 1711 1667 1738 mo

218 1782 312 1818 ante
340 1777 571 1828 complures
600 1787 726 1814 annos
758 1772 1004 1813 Dindorfius.
1071 1772 1120 1812 V·
1151 1771 1404 1812 Athenaeum
1437 1774 1453 1812 1
1483 1788 1523 1826 p.
1554 1776 1603 1814 ll
1623 1775 1663 1817 d.

330 1857 460 1908 Quam
490 1848 685 1901 Γόητες
713 1851 919 1902 inscripsit
950 1850 1147 1896 fabulam,
1183 1850 1225 1888 in
1256 1863 1303 1888 ea
1333 1853 1663 1903 praestigiatores

219 1937 261 1974 et
288 1933 330 1973 id
360 1945 490 1986 genus
523 1931 710 1970 homines
747 1929 892 1968 lusisse
929 1927 1099 1966 videtur.
1160 1928 1220 1967 Eo
1250 1933 1426 1980 spectat,
1458 1931 1498 1969 ni
1527 1930 1663 1982 fallor,

217 2014 331 2054 locus
360 2025 384 2052 a
413 2011 642 2052 Scholiasta
673 2006 954 2059 Aristophanis
984 2005 1237 2057 Thesmoph.
1268 2007 1350 2046 258
1381 2012 1585 2048 servatus:

384 2082 650 2139 παντευχίαν
679 2083 749 2124 δεῖ
771 2083 849 2124 τοῦ
878 2079 989 2127 θεοῦ
1017 2078 1182 2132 ταύτην
1210 2082 1360 2136 λαβεῖν

385 2165 460 2208 καὶ
488 2164 722 2221 περίθετον
751 2158 999 2216 πρόσωπον,
1027 2156 1055 2202 ὃ
1080 2159 1229 2214 λαβών
1257 2160 1430 2206 ἕσταθι.

217 2247 439 2289 Praeterea
468 2245 647 2298 quinque
674 2243 863 2284 laudatur
890 2243 1004 2282 locis.

330 2325 376 2366 In
405 2317 666 2377 Διονύσῳ
705 2316 918 2376 ἀσκητῇ
956 2319 1190 2372 Eupolidis,
1217 2324 1263 2358 ut
1291 2319 1472 2368 videtur,
1508 2319 1549 2358 in
1579 2319 1661 2359 Ta·
1701 2326 1702 2334 ¹

217 2403 392 2445 xlarchis
425 2401 655 2453 exemplum
686 2403 906 2451 sequutus,
945 2399 1107 2437 mollem
1148 2403 1190 2437 et
1227 2391 1503 2436 effeminatum
1539 2396 1661 2437 deum

219 2480 330 2522 (luris
360 2480 605 2520 athletarum
638 2483 678 2517 et
707 2478 950 2517 luctatorum
981 2477 1187 2515 laboribus
1219 2475 1415 2527 exposuit,
1444 2475 1483 2513 in
1516 2476 1661 2526 quibus

220 2557 342 2599 etiam
379 2551 710 2611 σᾳαιρομαχίαν
749 2554 879 2595 fuisse
918 2555 1037 2594 docet
1070 2554 1213 2593 Pollux
1243 2553 1302 2592 111
1342 2553 1434 2593 150.
1501 2553 1687 2594 Eodem,

219 2635 397 2691 pertinet
427 2648 567 2675 versus
597 2635 703 2687 apud
733 2634 987 2675 Athenaeum
1018 2631 1113 2672 XIV
1143 2645 1179 2683 p.
1213 2630 1330 2671 658a

386 2705 608 2751 ἁλίπαστα
641 2709 778 2750 ταῦτα
809 2705 1091 2765 παρατίθημί
1121 2721 1191 2749 σοι
1220 2709 1333 2762 κρέα,
