1702 3190
207 169 292 213 no
795 177 1062 207 necessu-rus.

207 294 302 322 rore
340 278 487 320 accidit
533 282 581 319 ut
617 277 823 319 Meursius
866 276 1079 321 Fabricius
1114 275 1287 318 Vossius
1337 276 1445 318 Hist.
1490 290 1556 332 gr.
1590 277 1651 319 111

206 371 249 411 p.
287 359 370 398 372
430 357 841 408 Schweighaeuserus
893 355 944 395 ad
982 354 1132 394 Athen.
1168 353 1207 394 X
1243 368 1285 407 p.
1321 355 1403 395 429
1429 355 1455 395 d
1502 356 1652 407 aliique

207 436 359 476 Suidae
386 434 477 474 loco
495 434 656 486 decepti
673 433 954 484 Hegesippum
972 436 1014 471 et
1029 431 1265 484 Crobylum,
1294 436 1436 484 poetas
1460 424 1662 482 comicos(

208 526 280 566 pro
309 525 391 552 uno
421 512 648 563 eodemque
677 510 911 549 habendum
942 510 1019 549 sibi
1049 521 1141 548 esse
1169 508 1476 561 persuaderent.
1512 509 1652 561 nege,

206 591 347 643 sippus
376 594 514 630 orator
543 589 577 629 si
604 589 714 627 idem
742 587 891 627 fuisset
921 588 989 639 qui
1019 587 1197 626 comicus
1218 615 1229 635 ,
1263 600 1344 626 non
1376 586 1550 626 dubitari
1578 599 1651 639 po-
1695 631 1699 638 ¹

205 671 286 708 test
323 667 422 719 quin
462 665 707 706 Plutarchus
744 665 828 706 Vit.
858 664 1072 705 Demosth.
1111 677 1147 704 c.
1187 665 1241 704 17
1278 668 1320 703 et
1348 663 1651 716 Apophthegm.
1688 646 1699 677 ’ἰ

205 759 247 799 Ρ.
289 744 415 784 187d
463 744 550 783 eius
594 743 656 783 rei
701 742 877 782 lectores
921 742 1203 782 admoniturus
1245 740 1407 781 fuisset.
1482 741 1653 782 Accedit

205 826 437 874 temporum
467 819 695 859 diversitas.
751 819 1015 872 Hegesippus
1051 820 1161 860 enim
1193 822 1352 868 orator,
1389 823 1436 859 ut
1462 819 1651 869 vidimus,
1694 861 1695 864 Ἴ

203 897 490 940 Demosthenis
519 896 772 948 temporibus
801 897 913 946 vixit,
943 899 1121 938 comicus
1151 902 1288 937 autem
1307 897 1373 936 vix
1388 886 1529 935 floruit
1558 899 1653 936 ante
1691 915 1702 968 {i

203 978 366 1028 Olymp.
383 975 508 1015 CXX.
538 974 742 1026 Epicurus
772 975 896 1024 enim,
925 987 1047 1027 quem
1076 975 1254 1028 exagitat
1274 974 1381 1027 apud
1396 973 1652 1014 Athenaeum
1687 970 1702 1025 «Ξ

201 1054 280 1096 Vll
307 1067 347 1105 p.
378 1054 459 1092 279
480 1052 521 1100 d,
549 1051 730 1091 scholam
759 1051 932 1092 Athenis
962 1053 1123 1105 aperuit
1152 1053 1296 1092 aetatis
1325 1064 1431 1092 anno
1455 1050 1652 1092 XXXVII
1689 1051 1702 1110 ξ

201 1131 282 1171 hoc
312 1135 375 1170 est
405 1129 718 1181 Olymp.cxlx
748 1129 787 1178 1,
817 1133 924 1169 teste
954 1131 1206 1183 Apollodoro
1235 1129 1344 1182 apud
1372 1130 1491 1182 Diog.
1514 1129 1659 1170 Laert.
1698 1145 1702 1148 ·

199 1209 239 1250 X
266 1207 335 1248 15.
398 1208 454 1248 At
487 1206 663 1245 fortasse
699 1218 752 1245 ne
788 1207 956 1259 scripsit
992 1208 1157 1259 quidem
1186 1208 1333 1247 Suidas
1371 1208 1427 1247 ita
1454 1212 1501 1247 ut
1529 1207 1657 1260 vulgo·
1696 1217 1702 1257 ᾗ

201 1286 351 1341 editus.
407 1285 511 1324 Nam
540 1295 664 1335 quum
694 1283 866 1324 Photius
897 1298 930 1325 s.
960 1299 998 1326 v.
1034 1280 1307 1337 Ἡγήσιππος
1337 1288 1379 1326 et
1406 1285 1650 1337 Harpocrat.
1695 1327 1696 1330 Ἴ

199 1377 242 1418 p.
271 1362 352 1402 281
392 1360 535 1401 eadem
570 1360 691 1412 plane
729 1374 834 1413 quae
875 1363 1023 1404 Suidas
1060 1363 1112 1403 de
1152 1364 1390 1416 Hegesippo
1428 1362 1650 1411 attulerint,

199 1443 274 1483 sed
311 1440 468 1480 omissis
505 1439 722 1491 postremis
750 1440 845 1489 illis,
884 1453 990 1493 quae
1019 1440 1217 1493 originem
1245 1441 1398 1480 erroris
1428 1441 1650 1490 continent,
1671 1439 1702 1465 ·’

199 1519 336 1560 verbis
371 1513 459 1556 τῶν
487 1512 722 1570 δραμάτων
750 1514 886 1556 αὐτοῦ
914 1522 1008 1565 etc.‚
1049 1518 1160 1558 haud
1196 1520 1353 1557 temere
1382 1517 1448 1557 his
1477 1519 1649 1570 Hege-

200 1598 342 1651 sippi
380 1595 570 1635 comici
606 1608 754 1635 nomen
790 1595 1099 1648 praefigendum
1141 1608 1232 1634 esse
1264 1596 1468 1636 coniicias.
1525 1596 1650 1636 Cete-

199 1688 291 1716 rum
319 1674 532 1715 Fabricius
562 1673 684 1713 etiam
712 1673 755 1712 in
791 1685 841 1713 eo
880 1672 1039 1712 fallitur
1066 1672 1176 1725 quod
1205 1673 1489 1727 Hegesippum
1517 1675 1649 1727 patria
1679 1668 1702 1728 ζ

201 1752 469 1794 Tarentinum
520 1750 650 1790 fuisse
697 1750 816 1799 dicit,
863 1763 986 1802 quem
1040 1763 1224 1790 errorem
1271 1764 1440 1792 securus
1482 1752 1648 1804 repetiit
1673 1743 1702 1813 ἐξ

200 1829 429 1882 Schweigh.
467 1828 518 1868 ad
555 1829 704 1869 Athen.
733 1828 771 1867 X
807 1841 848 1880 Ρ.
877 1828 960 1867 429
980 1828 1007 1867 d
1042 1832 1085 1868 et
1112 1828 1304 1868 Reiskius
1333 1830 1362 1870 l.
1390 1829 1419 1870 1.
1484 1831 1539 1870 At
1566 1830 1649 1869 Ta·
1673 1820 1702 1911 ξ

198 1909 386 1950 rentinus
439 1919 462 1946 a
511 1906 668 1946 comico
721 1910 846 1958 poeta
900 1905 980 1945 fuit
1036 1906 1349 1957 diversissimum
1405 1908 1648 1961 scripsitque
1671 1891 1702 2035 ἓ

193 1980 502 2040 Ὀψαρτυτικὰ
532 1988 848 2024 commemorata
877 1984 927 2022 ab
956 1984 1107 2024 Athen.
1136 1984 1216 2024 XII
1245 1999 1286 2038 p.
1315 1985 1452 2026 51611.
1510 1986 1646 2025 Fabu-
1689 1965 1702 1987 κ

198 2067 258 2108 las
276 2063 478 2106 commisit
491 2063 769 2115 HegesippuS‚
798 2062 907 2114 quod
927 2063 1092 2112 scimus,
1124 2062 1239 2113 duas,
1269 2065 1439 2104 alteram
1463 2058 1646 2103 Ἀδελ-
1667 2049 1702 2121 ξ

202 2138 298 2200 φοί
339 2141 587 2194 inscriptam,
632 2136 960 2193 Φιλέταιροι
1001 2142 1186 2182 alteram.
1255 2141 1468 2195 Adelphos
1507 2142 1644 2183 laudat
1667 2123 1702 2211 {J

1639 2212 1697 2299 1:

307 2351 471 2403 pertum
502 2349 587 2394 est,
624 2347 701 2387 nisi
727 2347 836 2388 forte
866 2348 919 2388 de
948 2348 1125 2400 Crobylo
1165 2347 1323 2388 famoso
1353 2348 1502 2388 lenone
1531 2348 1641 2401 cogi·
1659 2362 1670 2386 x
1690 2346 1697 2350 ”

307 2405 420 2443 tavit.
479 2403 650 2442 Photius
680 2404 779 2443 Lex,
809 2418 850 2456 p.
881 2405 960 2443 181
1003 2401 1243 2456 Κρωβύλου
1279 2402 1420 2455 ζεῦγος
1455 2402 1527 2455 ἐπὶ
1562 2390 1681 2443 πο·-’ει

307 2456 472 2511 νηρῶν·
507 2454 596 2499 ἀπὸ
635 2458 936 2512 πορνοβοσκοῦ
973 2456 1052 2498 δύο
1087 2455 1251 2512 πόρνας
1280 2456 1461 2512 ὲχοντος.
1519 2442 1691 2510 ecte-1:52

306 2528 400 2554 rum
437 2517 723 2568 Hegesippum
763 2529 839 2555 nec
892 2517 1140 2556 comicorum
1185 2516 1407 2555 ludibrium
1443 2516 1640 2568 effugisse
1655 2517 1684 2567 {A

312 2571 433 2610 docet
471 2572 687 2611 Aeschinis
741 2572 873 2613 schol.
924 2574 1002 2612 MS
1047 2572 1099 2612 ad
1136 2577 1237 2611 orat.
1288 2585 1323 2611 c.
1372 2572 1478 2611 Tim.
1524 2575 1545 2624 ς
1583 2571 1671 2612 71.

309 2624 585 2691 ξκωμς)διῇᾃη
611 2623 671 2674 ὠς
698 2620 875 2681 αἰσχρὸς
903 2624 984 2677 τὴν
1012 2621 1121 2682 ὄψιν
1148 2626 1223 2667 καὶ
1250 2626 1349 2682 περὶ
1378 2624 1431 2666 τὰ
1464 2616 1677 2668 damnande*
1699 2637 1702 2648 ¹

308 2694 582 2737 ημαρτηκως.
1646 2695 1650 2704 ⁴
