1702 3190
238 176 294 217 76
823 183 1131 212 racusanus.

236 284 382 336 quibus
412 281 567 323 Chiron
594 280 733 322 fabula
760 280 1073 323 adscriberetur.
1132 282 1234 324 Eius
1262 283 1506 336 suspicionis
1534 296 1687 336 opporq

233 361 447 401 tunitatem
484 360 583 400 mihi
618 359 891 412 fragmentum
928 362 1116 401 Chironis
1157 374 1180 400 a
1215 361 1435 400 Plutarcho
1484 366 1686 403 servatum

231 439 442 490 praebuit,
482 437 524 477 in
563 450 642 490 quo
672 438 830 478 Musica
867 438 919 477 de
949 438 1169 491 Phrynidis
1207 440 1249 479 in
1287 443 1374 479 arte
1413 438 1691 481 citharoedica,

233 516 430 567 queritur,

404 589 566 646 Φρῦνις
594 588 639 631 δ’
657 591 770 632 ἴδιον
797 587 1030 648 στρόβιλον
1057 587 1260 644 ἐμβαλών
1286 603 1387 631 τινα

394 665 604 723 κάμπτων
629 683 682 722 με
709 671 783 710 καὶ
813 670 1011 726 στρέφων
1037 662 1144 718 ὅλην
1173 667 1426 725 διέφθορεν.
1461 671 1531 721 ³⁵)

232 747 280 786 ln
323 747 387 788 his
417 743 649 801 στρόβιλον
686 750 862 800 figurato
903 758 1025 789 sensu
1062 749 1113 787 de
1151 749 1381 788 artificiosis
1417 747 1699 788 tremulorum·

223 837 426 865 *sonorum
455 826 568 877 quasi
597 827 818 866 vorticibus
844 827 992 865 dixisse
1015 825 1188 866 videtur.
1249 827 1332 866 iam
1349 839 1539 878 compara
1553 825 1686 877 Phry-

229 904 396 943 nichum
424 904 601 943 Bekkeri
649 917 691 955 p.
721 903 774 942 63
805 903 859 942 27
898 899 1161 955 Στρόβιλος-ε
1201 898 1280 951 τὴν
1308 900 1387 941 τοῦ
1415 898 1576 956 ἀνέμου
1603 914 1686 942 συ·-

231 976 429 1034 στροφήν
466 1004 522 1012 -
558 975 753 1019 Πλάτων
788 980 863 1019 καὶ
902 977 1201 1034 μεταφορικῶς
1237 979 1436 1034 κέχρηται
1472 980 1544 1021 ἐπὶ
1572 976 1685 1036 ᾠδῆς

181 1107 183 1110 ᾖ
229 1055 528 1113 κιθαρῳδικῆς
564 1054 703 1097 πολὺν
740 1053 920 1110 ἐχούσης
957 1054 1161 1110 τάραχον.
1238 1058 1384 1096 Nonne
1421 1060 1471 1098 ad
1509 1059 1685 1099 eundem

230 1136 346 1176 illum
375 1137 511 1175 locum
540 1137 769 1188 respexisse
801 1136 1029 1176 censendus
1059 1136 1150 1173 est?
1208 1133 1368 1172 Incerta
1387 1134 1490 1174 haec
1520 1123 1611 1174 esse
1640 1138 1684 1174 et

230 1214 353 1254 dubia
382 1226 463 1252 non
493 1198 695 1261 diffiteor;
734 1225 812 1254 nec
840 1218 975 1254 tamen
1006 1212 1215 1252 celandam
1234 1211 1372 1261 putavi
1396 1213 1698 1260 coniecturam,-

232 1305 315 1332 non
344 1304 490 1343 magna
519 1291 683 1342 quidem
714 1294 754 1330 at
784 1291 918 1342 aliqua
946 1294 1081 1329 tamen
1102 1288 1282 1327 veritatis
1310 1289 1447 1340 specie
1477 1301 1684 1328 commen-

229 1369 419 1408 dabilem.
487 1368 571 1407 Sed
600 1369 726 1407 redeo
757 1369 807 1407 ad
837 1367 1151 1415 Nicomachum,
1190 1366 1242 1404 de
1280 1379 1360 1417 quo
1390 1366 1446 1404 ita
1475 1369 1607 1404 statuo
1636 1369 1682 1404 ut

229 1446 396 1486 minime
425 1458 519 1485 eum
542 1447 746 1485 diversum
777 1445 907 1485 fuisse
939 1445 1165 1485 existimem
1195 1457 1218 1482 a
1242 1444 1490 1483 Nicomacho
1520 1456 1585 1492 eo,
1614 1443 1682 1482 cui

227 1523 546 1565 Eratosthenem
574 1525 645 1564 lib.
660 1525 738 1566 VII
771 1525 823 1564 de
852 1524 1014 1576 antiqua
1031 1523 1252 1562 Comoedia
1282 1523 1403 1581 etiam
1435 1521 1553 1560 aliam
1570 1521 1680 1560 Phe-

220 1602 408 1642 recratis
437 1601 616 1641 fabulam
655 1603 886 1641 attribuisse
914 1601 1106 1640 discimus
1137 1613 1186 1639 ex
1213 1600 1539 1652 Harpocratione
1579 1611 1613 1638 s.
1641 1610 1678 1638 v.

230 1677 474 1725 Μεταλλεῖς
500 1692 543 1732 p.
573 1680 656 1720 242
696 1675 789 1718 ἔστι
818 1675 864 1718 δὲ
891 1676 967 1717 καὶ
999 1674 1147 1731 δρᾶμα
1181 1670 1474 1730 Φερεκράτους
1502 1673 1697 1716 Μεταλ--

228 1755 334 1806 λεῖς,
375 1749 483 1810 ὅπερ
518 1752 774 1810 Νικόμαχόν
815 1767 926 1810 φησι
961 1753 1240 1803 πεποιηκέναι
1269 1749 1599 1809 Ἐρατοσθένης
1635 1750 1681 1791 ἐν

227 1830 399 1889 ἑβδόμῳ
428 1833 525 1887 περὶ
552 1832 628 1882 τῆς
657 1830 840 1888 ἀρχαίας
869 1829 1129 1888 Κωμῳδίας.
1196 1834 1280 1873 lam
1317 1834 1522 1873 neminem
1562 1831 1680 1871 ‹lubi-

228 1917 408 1953 taturum
437 1925 671 1963 speramus,
709 1914 806 1965 quin
842 1913 951 1952 idem
980 1911 1050 1950 ille
1079 1910 1373 1950 Eratosthenes
1403 1908 1471 1961 qui
1503 1905 1682 1947 Μεταλ-

229 1989 313 2037 λεῖς
342 1990 582 2030 Pherecrati
610 1990 912 2031 adiudicaverat
951 1989 1074 2028 etiam
1112 1987 1281 2027 Chironi
1310 1986 1569 2026 Pherecratis
1605 1997 1680 2025 no-

227 2082 322 2110 men
352 2068 594 2118 detraxerit3
632 2070 743 2123 quod
779 2082 852 2110 cur
885 2069 957 2108 ille
992 2067 1149 2106 faceret
1187 2065 1369 2105 rationes
1397 2064 1540 2103 habuit
1566 2063 1678 2103 haud

261 2247 330 2298 ⁸⁵)
361 2246 484 2285 Hunc
522 2247 658 2312 locum
704 2246 747 2286 iu
787 2245 919 2311 animo
956 2245 1098 2306 habuit
1133 2244 1367 2336 S9h⁰li⁸⁸ffi
1395 2228 1697 2334 hrigtophanis'

337 2302 556 2409 ῗΐὲῥέῗῖῗ
582 2314 655 2411 εἴ»,
675 2298 1266 2409 ’ἑῗέἓῖἰίιῗῧζῇἔέῗκῖἕέἶί
1292 2298 1673 2407 (τὴὲᾘέὴῖςῖωζέ

340 2410 391 2451 τὸ
419 2408 601 2465 ἀρχαῖον
628 2410 758 2461 ἦθος,
789 2408 848 2458 ὥς
872 2405 1203 2465 Ἀριστοφάνης
1232 2408 1344 2464 φησι
1370 2408 1446 2447 καὶ
1469 2402 1677 2457 Ἀριστο-

339 2464 517 2519 κράτης,
557 2469 629 2508 ubi
665 2483 740 2521 pro
773 2463 1116 2522 ’Λριστοκράτης
1152 2469 1233 2506 iam
1264 2468 1448 2517 apertum
1485 2467 1547 2501 est
1575 2462 1675 2502 scri-

337 2525 469 2575 psisse
497 2524 767 2565 Scholiastam
801 2520 1082 2576 Φερεκράτης.
1141 2508 1290 2572 Νεῷιο
1317 2520 1359 2558 id
1387 2518 1514 2570 fugit,
1549 2521 1596 2556 ut
1625 2528 1676 2558 01

337 2580 563 2619 Hermanni
593 2581 852 2620 adnotatione
881 2581 1021 2628 video,
1056 2578 1298 2630 Burgesium
1334 2575 1443 2614 Diar.
1471 2574 1588 2612 class.
1617 2573 1693 2616 44„

337 2649 379 2686 p.
407 2636 490 2674 280
529 2647 770 2687 quamquam
804 2636 905 2683 loci,
943 2647 1062 2687 quem
1098 2633 1278 2685 respexit
1312 2629 1557 2676 Scholiasta,
1598 2628 1672 2667 im·
1691 2647 1702 2669 z

340 2703 574 2731 memorem.
