1702 3190
240 201 296 241 82
820 205 1125 235 Pussnncnmrsss.

242 307 411 362 putavit,
439 305 509 346 ubi
537 307 629 357 post
657 305 781 346 verba
809 301 980 355 ἐδίδαξε
998 298 1201 360 δράματα
1228 298 1283 354 ιζ’
1312 304 1417 347 haee
1439 316 1561 347 sensu
1583 318 1692 349 cam

242 384 495 425 inferuntur:
529 375 799 435 Φερεκράτης
825 377 1005 436 Πετάλῃ
1033 375 1204 437 γράφει.

357 460 551 511 Sequitur
580 458 615 498 A
622 470 646 498 ο
658 456 855 499 υλοδιδ
862 455 890 498 ά
901 457 1119 511 σκαλος,
1149 459 1264 500 cuius
1285 463 1566 513 argumentum
1584 462 1692 514 quod

242 539 370 579 fuerit
398 542 485 577 tum
513 536 655 577 titulus
685 538 782 578 satis
810 538 973 588 indicat,
1001 542 1090 579 tum
1118 549 1215 577 vero
1245 537 1367 576 etiam
1396 550 1446 578 ex
1468 538 1617 580 Athen.
1634 540 1691 582 VI

235 630 278 670 p.
307 616 427 656 2621)
472 615 745 667 perspicitur,
781 615 852 654 ubi
888 627 934 655 se
972 616 1111 656 mirari
1149 615 1206 654 ait
1230 625 1441 654 servorum
1467 614 1509 655 in
1537 628 1692 658 summa

239 694 503 747 cupediarum
533 692 777 731 abundantia
806 693 1115 741 continentiam3
1153 691 1227 731 has
1265 691 1373 730 enim
1407 694 1613 744 aspernari
1640 695 1690 734 il-

237 772 315 820 los,
345 784 423 811 nee
452 770 504 809 ob
535 774 688 808 metum
717 773 898 818 tantum,
927 770 1000 809 sed
1031 770 1152 810 etiam
1180 763 1292 807 κατὰ
1320 764 1611 810 διδασκαλίαν
1637 765 1689 810 οὗ

235 846 316 897 τὴν
343 845 390 886 ἐν
418 840 809 900 Δουλοδιδασκάλῳ
841 841 1137 902 Φερεκράτους
1165 841 1278 885 ἀλλὰ
1304 842 1579 894 ἐθισθέντες.
1623 849 1698 890 Ad

232 927 396 966 titulum
432 923 614 976 respexit
654 924 773 963 etiam
818 923 965 964 Pollux
1016 924 1076 965 111
1113 924 1169 963 80
1210 918 1434 974 εὔδουλος,
1470 919 1494 963 ὁ
1523 914 1570 963 εὗ
1599 926 1689 973 τοῖς

233 997 404 1048 δούλοις
429 995 669 1055 χρώμενος·
708 1000 782 1040 καὶ
819 997 869 1040 τὸ
908 998 1054 1054 δρᾶμα
1089 994 1503 1048 Δουλοδιδασκαλος.
1567 1004 1687 1056 Apud

230 1079 498 1119 Scholiastam
536 1078 745 1130 Euripidis
783 1077 888 1117 Hee.
915 1078 997 1117 463
1036 1074 1086 1116 οὗ
1124 1074 1262 1128 μόνον
1298 1075 1346 1116 δὲ
1382 1077 1431 1117 αἱ
1467 1077 1687 1132 παρθένοι

231 1148 422 1210 ὕφαινον
459 1161 514 1189 ἑ.-
550 1149 663 1193 άλλά
699 1152 772 1193 καὶ
808 1156 1003 1206 γυναῖκες
1038 1152 1217 1205 τέλειαι,
1253 1151 1312 1203 ὠς
1343 1152 1613 1210 Φιλοκράτης
1639 1155 1686 1196 ἐν

233 1227 634 1287 Δουλοδιδασκάλῳ.
666 1234 878 1273 verissime
906 1232 1167 1273 Pherecratis
1195 1245 1345 1274 nomen
1373 1235 1550 1274 restituit
1576 1235 1686 1275 Mat-

229 1311 341 1367 thiae
358 1339 370 1359 ‚
401 1323 571 1361 eamque
601 1311 926 1351 emendationem
957 1310 1199 1350 confirmare
1226 1314 1388 1362 poterat
1414 1323 1534 1351 versu
1562 1311 1684 1353 huius

227 1387 394 1428 fabulae
443 1388 552 1440 apud
589 1388 908 1428 Grammaticum
944 1387 1123 1427 Bekkeri
1157 1387 1314 1428 Anecd.
1357 1401 1399 1440 p.
1440 1388 1524 1428 404
1571 1391 1680 1442 ταχύ

227 1462 315 1504 τῶν
353 1460 480 1519 ἐρίων
524 1463 600 1504 καὶ
643 1463 729 1503 τῶν
765 1460 923 1504 ἀνθῶν
954 1461 1041 1503 τῶν
1078 1461 1375 1504 παντοδαπῶν
1410 1459 1677 1518 κατάγοιμεν.

225 1543 288 1582 Ex
317 1531 377 1583 ea*
394 1542 556 1582 fabulae
571 1546 701 1594 parte,
731 1543 773 1581 in
790 1555 869 1594 qua
893 1542 1146 1583 ministrandi
1162 1547 1379 1596 praecepta
1395 1557 1512 1584 servo
1530 1545 1680 1585 daban-

226 1623 308 1669 tur,
327 1620 455 1672 petita
473 1620 658 1671 suspicor
674 1631 779 1671 quae
802 1620 995 1671 leguntur
1016 1620 1124 1672 apud
1140 1621 1395 1661 Athenaeum
1411 1621 1470 1663 XI
1496 1635 1539 1675 p.
1556 1622 1640 1663 408
1653 1623 1678 1663 b

401 1694 498 1735 νυνὶ
527 1690 570 1733 δ’
585 1690 800 1743 ἁπονίζων
828 1693 909 1745 τὴν
934 1691 1086 1736 κύλικα
1114 1695 1189 1746 δὸς
1216 1696 1383 1750 ἐμπιεῖν

395 1768 506 1825 ἔγχει
534 1784 559 1811 τ
565 1766 766 1820 ’ἐπιθεὶς
792 1769 870 1813 τὸν
898 1769 1065 1828 ἠθμόν,

226 1854 269 1891 et
297 1850 373 1892 XV
402 1863 444 1902 p.
474 1852 556 1890 699
573 1850 596 1890 f

393 1921 560 1966 α’νυσόν
589 1921 688 1966 ποτ’
705 1922 908 1978 ἐξελθών,
938 1922 1091 1976 σκότος
1117 1925 1199 1981 γάρ
1226 1924 1430 1980 γίγνεται,

392 2003 468 2043 καὶ
495 2001 574 2043 τὸν
602 2002 836 2057 λυχνοῦχον
865 2000 1010 2060 ἔκφερ’
1041 2004 1189 2054 ἐνθεὶς
1217 2002 1294 2046 τὸν
1321 2001 1490 2059 λύχνον.

225 2082 420 2122 Ceterum
449 2094 530 2123 non
559 2087 716 2122 temere
745 2084 952 2135 suspicere
967 2083 1072 2125 hanc
1087 2084 1267 2125 fabulam
1287 2097 1337 2124 ex
1353 2097 1492 2125 earum
1520 2096 1675 2136 genere
1696 2093 1702 2139 5

221 2159 363 2208 fuisse,
392 2159 435 2199 in
466 2161 612 2211 quibus
628 2161 803 2200 Cratetis
822 2162 1022 2202 rationem
1049 2163 1275 2202 aemulatus
1305 2165 1369 2201 est
1387 2161 1674 2202 Pherecrates.
1700 2142 1702 2151 ,

332 2231 689 2290 Ἐπιλήσμων
723 2232 752 2288 ἢ
797 2233 1049 2277 Θάλαττα
1083 2239 1165 2279 hoc
1192 2241 1315 2293 pleno
1343 2240 1460 2279 titulo
1487 2239 1676 2279 laudatur

225 2316 277 2355 ab
314 2317 526 2357 Athenaeo
568 2316 668 2358 VIII
705 2329 748 2369 p.
777 2317 907 2357 3650.
970 2311 1286 2370 Ἐπιλήσμονες
1321 2317 1468 2370 plurali
1504 2327 1696 2363 numero¹

220 2396 388 2432 vocatur
415 2392 524 2445 apud
553 2392 693 2434 Schol.
721 2395 848 2447 Vesp.
876 2394 974 2436 542.
1004 2395 1127 2444 1029,
1165 2394 1239 2435 sed
1275 2394 1381 2447 apud
1419 2394 1591 2434 eundem
1620 2391 1673 2432 ad
1685 2404 1694 2444 Ἰ

220 2481 281 2511 vs.
310 2471 394 2509 968
430 2474 546 2510 recte
574 2471 790 2524 singularis
825 2472 1001 2513 habetur
1028 2484 1223 2513 numerus
1255 2473 1339 2521 ³⁷).
1402 2471 1539 2510 Semel
1574 2456 1695 2511 sim*v

1682 2589 1692 2622 ’ξ

250 2643 320 2695 ³⁷)
357 2644 502 2696 Neque
546 2646 653 2685 enim
692 2646 868 2686 dubitari
900 2650 1036 2699 potest
1076 2646 1171 2696 quin
1201 2650 1391 2709 corrupta
1418 2639 1688 2719 Scholiasta-ss

324 2701 450 2741 verba
482 2697 750 2756 Φερεκράτης
786 2701 860 2740 ἐν
866 2697 1126 2758 Ἐπιστολῇ·
1161 2698 1315 2756 μόνιός
1351 2714 1415 2749 τις
1442 2689 1702 2776 παρέθηκε55ἕ

1674 2849 1681 2902 ’ἕ

1674 2937 1702 2993 5-

1672 3034 1675 3062 ἕ

1671 3066 1687 3090 ἲν.

1668 3092 1698 3190 l
