1702 3190
610 171 918 204 rnnasm'ms.
1065 154 1067 156 ’
1436 157 1494 198 w

13 277 182 325 mirata
225 271 501 333 Φερεκράτης
518 287 529 298 ·
574 270 630 316 Τι’
667 269 712 314 δ’
728 270 923 322 ἕπαθεςς
965 301 975 310 .
1013 302 1022 311 .
1056 301 1066 311 .
1102 302 1112 312 .
1143 264 1375 324 ”Αγρυκτα
1413 263 1498 310 καῖ-

14 355 121 403 λεκτ’
139 373 148 382 ·
180 355 293 399 ἀλλὰ
323 352 542 411 βούλομαι
572 349 688 411 μόνῃ
718 348 847 408 Αὐτῇ
875 344 1047 406 φράσαι
1076 363 1160 391 σοι.
1222 352 1340 402 Quae
1368 349 1497 391 verbs

14 445 72 485 its
107 441 198 482 fere
234 440 348 479 inter
386 431 623 484 ,Μουσικὴν
664 438 707 473 et
743 424 1038 480 Δικαιοσύνην
1076 431 1162 482 (ita
1198 431 1309 470 enim
1346 430 1498 471 dicitur¹

16 522 127 577 apud
156 518 448 571 Plutarchum)
481 513 764 557 distribuenda
792 511 1007 551 videntur:

720 588 768 632 A.
798 584 842 628 τί
869 583 1120 638 δ’ἔπαθεςς

186 675 254 719 Μ.
285 672 478 729 ἄγρυκτα
505 665 693 713 κᾶλεκτ’·
723 664 836 709 ἀλλὰ
866 664 1087 723 βούλομαι
1116 660 1233 721 μόνῃ

186 750 301 811 αὐτῇ
330 748 504 807 φράσαι
533 763 618 792 σοι.

18 836 220 890 Apertum
263 835 345 874 ism
392 845 488 872 esse
537 831 715 872 arbitror
751 828 976 870 Chironem
1014 838 1151 879 neque
1188 818 1501 865 comoediarum

18 926 191 957 numero
232 925 327 953 esse
357 911 613 952 eximendam
651 921 788 962 neque
819 909 993 948 eandem
1033 910 1158 958 atque
1188 904 1339 956 Agrios
1367 901 1502 942 fuisse

18 992 215 1034 fabulam.
273 992 336 1033 De
365 991 586 1044 Agriorum
616 992 756 1029 autem
785 989 1045 1040 argumento,
1077 984 1200 1037 quale
1229 981 1501 1024 Heinrichius

19 1073 118 1114 satis
145 1071 362 1125 ingeniose
389 1070 667 1118 adumbravit,
698 1067 798 1121 quid
825 1067 907 1108 iam
937 1064 1202 1107 statuendum
1232 1063 1307 1111 sit,
1337 1074 1405 1102 me
1434 1060 1503 1101 vel

12 1154 185 1192 ,tacente
214 1150 476 1202 inteiligitur.
522 1148 666 1199 ltaque
694 1150 741 1187 ut
770 1158 881 1187 nunc
907 1158 978 1184 res
1010 1147 1088 1193 est,
1115 1142 1220 1183 nihil
1247 1141 1340 1182 fere
1369 1154 1419 1181 ea
1448 1140 1504 1182 de

21 1230 162 1270 fabula
190 1233 394 1277 tenemus,
423 1240 544 1280 quam
575 1227 686 1279 quod
715 1231 811 1267 ante
839 1226 915 1264 hos
946 1226 1111 1263 centum
1143 1226 1185 1260 et
1215 1221 1327 1273 quod
1356 1232 1505 1276 super-

22 1312 87 1353 est
113 1321 240 1348 annos
270 1307 434 1360 scripsit
463 1308 542 1346 iam
574 1306 764 1345 Kuhnius
795 1304 847 1344 ad
881 1303 1040 1343 Polluc.
1071 1301 1131 1341 IX
1161 1302 1240 1351 12,
1287 1301 1362 1353 qui.
1402 1313 1500 1340 cum

23 1387 196 1431 chorum
224 1386 390 1426 fabulae
421 1399 445 1426 e
469 1385 763 1436 misanthropis
793 1383 1015 1424 conflatum
1046 1394 1139 1421 esse
1171 1380 1328 1430 statuit,
1358 1392 1506 1432 respe-

23 1467 81 1509 xit
110 1466 286 1506 eundem
317 1466 369 1505 de
392 1479 472 1518 quo
503 1464 772 1505 Heinrichius
803 1463 987 1503 scribere
1014 1461 1194 1501 instituit
1224 1459 1411 1500 Platonis
1441 1458 1505 1498 lo-

24 1557 116 1587 cum
145 1545 188 1585 in
218 1545 446 1598 Protagora
474 1558 515 1597 p.
545 1545 629 1584 327
645 1558 667 1584 c
691 1544 838 1597 Steph.
867 1556 910 1596 p.
939 1541 1024 1581 528
1055 1539 1210 1581 Heind.
1241 1530 1380 1584 οὕτως
1409 1534 1507 1576 οἴου

26 1623 101 1672 καὶ
127 1621 230 1676 νῦν,
262 1616 386 1671 ὅστις
415 1635 488 1663 σοι
515 1617 788 1670 ἀδικώτατος
817 1617 1028 1677 (φαίνεται
1057 1618 1145 1660 τῶν
1174 1618 1221 1660 ἐν
1248 1613 1403 1671 νόμοις
1430 1615 1510 1658 καὶ

29 1698 287 1761 ’ἀνθρώποις
315 1701 652 1758 τεθραμμένων,
683 1698 858 1742 δίκαιον
887 1695 1029 1740 αὐτὸν
1058 1689 1174 1740 εἶναι
1193 1698 1271 1740 καὶ
1291 1695 1509 1752 δημιουρ-

27 1778 108 1837 γὸν
134 1779 295 1823 τούτου
323 1780 402 1822 τοῦ
431 1777 710 1837 πράγματος,
749 1774 792 1821 εἰ
828 1778 920 1820 δέοι
957 1775 1097 1820 αὐτὸν
1128 1775 1371 1835 κρίνεσθαι
1399 1773 1510 1833 πρὸς

29 1856 319 1918 ἀνθρώπους,
349 1853 416 1910 οἷς
442 1857 554 1917 μήτε
580 1857 763 1902 παιδεία
791 1856 910 1912 ἐστι’,
941 1855 1051 1914 μήτε
1082 1854 1365 1914 δικαστήρια,
1395 1853 1508 1912 μήτε

30 1935 170 1998 νόμοι,
200 1940 312 1997 μηδὲ
341 1936 509 1995 ἀνάγκη
538 1938 735 1996 μηδεμία
774 1938 850 1981 διὰ
878 1937 1045 1989 παντὸς
1073 1934 1383 1992 ἀναγκάζουσα
1411 1934 1511 1993 ἀρε..

31 2020 108 2072 τῆς
134 2020 463 2076 ἐπιμελεῖσθαι,
494 2017 588 2062 ἀλλ’
620 2012 706 2062 εἶεν
733 2016 881 2076 ἄγριοί
909 2032 1044 2069 τινες,
1071 2011 1219 2075 ὥσπερ
1248 2014 1326 2067 οὓς
1352 2017 1510 2075 πέρυσι

37 2096 307 2158 Φερεκράτης
335 2097 359 2142 ὁ
389 2099 573 2152 ποιητὴς
602 2098 803 2152 ἐδίδαξεν
830 2099 904 2142 ἐπὶ
932 2096 1130 2157 Ληναίῳ.
1187 2088 1216 2150 ἦ
1252 2095 1433 2154 σφόδρα
1463 2097 1510 2140 ἐν

34 2180 124 2230 τοῖς
158 2179 374 2231 τοιούτοις
412 2176 673 2237 ἀνθρώποις
711 2176 966 2235 γενόμενος,
1015 2173 1165 2233 ὥσπερ
1205 2177 1251 2220 οἱ
1284 2177 1333 2219 ἐν
1362 2175 1510 2234 ἐκείνῳ

32 2257 93 2317 τῷ
116 2257 232 2317 χορῷ
258 2257 601 2317 μισάνθρωποι,
641 2255 896 2313 ἀγαπήσαις
925 2253 982 2298 ἂν
1010 2253 1050 2299 εἰ
1083 2254 1277 2312 ἐντύχοις
1305 2250 1512 2313 Εὐρυβά-

36 2351 97 2395 τῳ
125 2338 201 2378 καὶ
234 2336 494 2396 Φρυνώνδᾳ.
552 2341 647 2381 Hoc
674 2341 802 2394 igitur
830 2340 923 2379 loco
954 2338 1245 2389 Heinrichius,
1276 2351 1371 2379 cum
1399 2339 1511 2379 Phe-

37 2422 251 2461 recrateae
284 2419 451 2460 fabulae
490 2419 660 2459 chorum
699 2432 724 2460 e
759 2421 1062 2460 Centaurorum
1099 2431 1228 2471 grege
1274 2418 1511 2458 constitisse

40 2498 120 2539 sibi
146 2498 440 2551 persuasisset,
477 2512 561 2539 non
589 2502 754 2552 poterat
781 2512 865 2542 non
892 2499 1133 2553 gravissime
1163 2498 1321 2539 offendi
1349 2508 1512 2551 μισαν-

40 2570 244 2631 θρώποις
279 2578 383 2628 illis,
420 2578 569 2631 quibus
603 2573 955 2634 ἡμιανθρώπους
989 2578 1298 2619 substituendos
1336 2577 1511 2628 censuit,

39 2657 194 2723 rectius
221 2655 334 2698 haud
361 2657 487 2703 dubie
515 2658 716 2709 facturus,
746 2659 783 2700 si
807 2659 967 2700 leniore
995 2658 1222 2699 mutatione
1252 2652 1513 2711 μιξάνθρω-

44 2731 121 2776 ’τοι
147 2736 390 2791 scripsisset,
418 2736 461 2778 iu
489 2731 620 2791 quod‘
629 2751 721 2781 cum
751 2740 933 2793 primum
963 2739 1190 2781 doctissimi
1220 2738 1297 2777 viri
1327 2737 1514 2790 disputa-
