1702 3190
203 209 260 262 88
849 221 1047 248 fotmus·

204 329 402 372 perquam
431 316 534 358 scite
561 316 740 359 Naekius
768 319 878 371 quod
907 319 959 359 de
988 319 1105 371 epico
1133 321 1255 371 poeta
1283 319 1483 360 Choerilo
1512 318 1658 361 Eudo-

207 397 270 435 cia
298 394 477 444 tradidit,
506 399 672 446 praeter
697 397 774 436 alia
804 409 897 436 eum
926 396 1135 448 scripsisse
1164 396 1287 437 etiam
1317 397 1576 447 comoedias,
1606 397 1660 438 ad

205 472 489 524 Ecphantidae
518 470 695 512 servum'
707 473 887 522 rettulit,
919 473 985 513 cui
1017 485 1121 524 quae
1150 485 1242 513 cum
1272 474 1436 514 domino
1463 475 1663 514 interces-

207 548 261 588 sit
298 549 402 589 ratio
439 551 592 601 optime
631 551 840 601 Euripidis
878 554 919 589 et
961 549 1530 603 Cephisophontis'exemplo
1566 551 1663 590 iuu-

208 629 374 667 stratur.
431 628 519 667 err.
550 628 739 666 Gaisford
769 628 820 666 aa
848 628 987 679 nepa.
1010 618 1056 679 ⁴p.
1088 628 1155 666 96.
1221 627 1304 667 sed
1343 628 1395 667 ad
1425 624 1664 667 Choerilum

209 705 432 754 comicum,
460 706 494 744 si
524 705 600 744 diis
629 706 786 757 placet,
827 706 948 744 etiam
978 705 1081 744 alius
1110 704 1308 756 Hesychii
1338 705 1454 745 locus
1483 706 1663 757 spectat:

211 775 422 834 Χοιρίλον
454 773 762 835 Ἐκφαντίδος.
818 780 1048 836 Κρατῖνος·
1078 776 1154 820 τὸν
1177 775 1485 836 Ἐκφαντίδος.
1529 771 1665 826 οὕτως

205 846 326 895 εἶπεν
355 852 492 896 αὐτὸν
516 854 594 897 τὸν
624 855 846 914 Χοιρίλον.
913 861 974 900 De
1005 872 1084 912 quo
1103 871 1189 900 *suo
1219 872 1354 910 more,
1389 859 1472 900 hoc
1510 861 1573 898 est
1599 857 1664 897 in·-

209 935 493 985 geniosissime
524 936 744 988 disputavit
774 931 967 977 Naekius.

318 1012 568 1065 Ecphantidi
597 1027 749 1066 suppar
777 1018 912 1053 aetate
940 1012 1072 1052 fuisse
1100 1012 1263 1053 videtur
1280 1011 1542 1053 TOLYNUS
1570 1010 1665 1051 Me-

208 1090 403 1139 garemis,
433 1103 555 1141 quem
583 1103 688 1130 unus
717 1092 897 1130 omnium
927 1094 1218 1129 commemorat
1236 1089 1416 1142 Etymol.
1432 1089 1494 1129 M.
1509 1088 1664 1140 p.761,

207 1163 264 1202 47
306 1159 516 1204 Τολύνιον
564 1167 673 1220 (leg.
717 1161 976 1217 Τολύνειον)
1010 1160 1061 1204 τὸ
1097 1161 1366 1219 καλούμενον
1403 1159 1666 1219 Κρατίνειον

207 1237 367 1293 μέτρον
395 1239 749 1295 πολυσύνθετον,
780 1239 868 1284 ἀπὸ
899 1239 976 1282 τοῦ
990 1241 1227 1297 Μεγαρέως
1260 1238 1466 1283 Τολύνου·
1495 1238 1591 1282 ἔστι
1619 1239 1667 1282 δὲ

208 1318 539 1375 προγενέστερος
575 1317 814 1375 Κρατίνου.
891 1322 1046 1363 Auctor
1085 1322 1210 1374 igitur
1245 1322 1325 1362 fuit
1363 1321 1485 1362 metri
1522 1324 1667 1374 postea
1695 1343 1701 1348 -

211 1396 392 1437 Cratinei
431 1400 549 1449 dicti,
589 1400 640 1439 de
678 1413 757 1451 quo
794 1400 887 1439 vide
926 1399 1279 1449 Hephaestionem
1316 1402 1357 1437 et
1385 1399 1668 1438 Ilermannum

207 1472 350 1515 Doctr.
380 1481 499 1517 metr.
528 1490 570 1528 p.
599 1477 696 1517 582.
741 1479 873 1528 Quem
903 1489 956 1515 ne
984 1477 1093 1515 iusto
1123 1477 1313 1516 audacius
1343 1476 1506 1515 comicis
1532 1474 1669 1527 poetis

210 1555 503 1602 accensum-im,
533 1566 788 1606 nequaquam
816 1553 1040 1592 verendum
1070 1553 1254 1593 videtur:
1285 1564 1524 1604 quamquam
1537 1551 1668 1591 Athe-

209 1628 328 1668 nisne
358 1643 408 1669 an
426 1631 608 1684 Megaris
638 1632 800 1671 fabulas
831 1631 1029 1679 docuerit,
1059 1635 1105 1670 ut
1133 1631 1429 1680 incompertum
1458 1629 1503 1668 in
1530 1628 1668 1668 medio

211 1706 494 1758 relinquimus.
535 1733 591 1740 -—-
629 1709 746 1748 llaec
776 1710 873 1748 olim
902 1707 1047 1759 scripsi
1077 1707 1129 1746 de
1155 1707 1329 1758 Tolyno,
1357 1707 1400 1745 in
1430 1705 1574 1756 quibus
1603 1717 1669 1744 as-

211 1786 458 1827 sentientem
491 1785 616 1825 habui
652 1786 856 1826 Rankium
895 1786 947 1824 de
988 1785 1068 1823 vita
1108 1783 1315 1835 Aristoph.
1352 1796 1393 1835 p.
1431 1781 1525 1823 125.
1583 1782 1669 1823 Sed

210 1860 388 1902 fortasse
425 1868 641 1916 corruptus
682 1868 744 1904 est
781 1862 1042 1907 Grammatici
1081 1862 1197 1900 locus
1243 1866 1290 1900 et
1319 1873 1394 1912 pro
1437 1854 1669 1899 Τολύνειον

213 1940 474 1981 scribendum
522 1937 791 1990 Τελλήνειον.
859 1940 1008 1980 Tellen
1045 1939 1196 1978 tibicen
1234 1933 1313 1976 fuit
1342 1941 1383 1976 et
1409 1940 1534 1989 poeta
1559 1938 1667 1977 ludi-

212 2027 319 2066 crus,
350 2019 464 2058 cuius
494 2021 671 2060 carmina
698 2023 870 2072 propter
898 2018 1146 2070 singularem
1171 2019 1394 2054 metrorum
1424 2015 1671 2068 elegantiam

212 2098 256 2133 et
295 2094 558 2137 dicteriorum
609 2101 863 2137 venustatem
908 2109 1053 2148 magua
1101 2095 1197 2134 olim
1248 2093 1371 2132 laude
1415 2093 1668 2136 ferebantur.

211 2172 420 2213 zenobius
458 2175 580 2217 Prov.
611 2175 644 2225 Ι,
680 2175 736 2215 45
787 2171 951 2221 Τέλλην
989 2167 1180 2219 αὐλητὴς
1214 2167 1378 2221 ἐγένετο
1416 2169 1490 2208 καὶ
1526 2168 1702 2223 μελαῖνμ

212 2246 407 2300 ποιητής,
436 2247 619 2302 παίγνια
648 2264 693 2290 τε
716 2249 943 2291 κατέλιπεν
971 2244 1288 2303 εὐρυθμότατα
1310 2247 1383 2287 καὶ
1391 2242 1520 2301 χάριν
1548 2244 1668 2301 ἑξζον-
1696 2243 1702 2302 ³1

212 2338 268 2364 τα
297 2324 506 2378 πλείστην
541 2329 616 2368 καὶ
643 2325 885 2382 σκώμματα
915 2320 1192 2381 κομψότατα.
1261 2329 1307 2368 In
1347 2329 1523 2368 eundem
1557 2329 1670 2368 extat.

214 2407 461 2458 epigramma
493 2407 702 2447 Leonidae
732 2407 944 2446 Tarentini
972 2407 1015 2446 in
1045 2406 1356 2448 Anthol.Palat.
1385 2407 1403 2446 1
1432 2406 1585 2459 p.526‚
1615 2417 1669 2446 ex

213 2496 294 2537 quo
321 2485 605 2536 perantiquum
634 2487 796 2536 poetam
825 2483 953 2524 fuisse
981 2483 1243 2535 intelligitur:
1691 2500 1702 2591 f

1689 2592 1694 2649 l

1695 2311 1702 2360 ε’

1695 2362 1702 2447 ἱ

328 2548 539 2610 Τέλληνος
567 2553 640 2600 ὅδε
669 2557 845 2614 τύμβος,
877 2557 957 2614 ἔχω
987 2556 1030 2598 δ’
1062 2555 1148 2598 ὑπὸ
1177 2554 1310 2611 βώλεϊ
1333 2557 1526 2613 πρέσβυν

435 2636 580 2686 τῆνον,
608 2635 686 2677 τὸν
714 2636 886 2691 πρῶτον
913 2633 1074 2690 γνόντα
1101 2635 1400 2690 γελοιομελεῖν.

215 2719 455 2758 Ceterorum
485 2717 729 2767 scriptorum
758 2717 827 2767 qui
858 2717 1073 2756 Tellenem
1103 2719 1421 2756 commemorant
1457 2715 1548 2754 loca
1577 2713 1662 2754 col·
1679 2728 1702 2752 <122

1677 3019 1691 3060 1⁵*
