1702 3190
716 174 867 208 nuo.
1430 158 1514 201 171

38 280 96 324 ad
123 278 276 336 odyss.
314 271 364 317 α’
403 275 503 320 15⁰.
549 272 588 318 ε’
624 276 725 321 49⁰.
789 274 992 319 Eiusdem
1027 273 1196 317 fabulae
1229 273 1377 315 titulus
1412 271 1516 314 latet

44 359 154 415 apud
183 356 449 401 Eustathinm
479 358 532 400 ad
561 357 710 412 odyss.
739 368 783 410 p.
812 355 926 396 1403
955 355 1025 395 32.

154 432 418 492 Εὐρώπης
455 437 536 477 tria
573 438 798 490 supersunt
834 433 1067 486 fragmenta
1108 431 1218 486 apud
1254 431 1517 474 Athenaeum

46 517 126 560 VII
155 531 197 570 p.
227 518 311 557 328
326 516 358 558 f.
398 516 456 557 lX
485 530 527 571 p.
557 516 678 556 3670
715 517 758 554 et
786 511 1072 566 Phrynichum
1100 511 1280 552 Bekkeri
1317 523 1359 563 p.
1387 510 1444 550 42
1474 508 1516 550 5.

47 597 103 638 At
131 596 373 648 frequenter
409 594 602 635 laudatur
639 588 772 640 Ζεὺς
806 584 1168 644 κακούμενος,
1206 602 1257 630 ex
1293 601 1374 643 qua
1411 602 1518 641 quae

47 674 278 715 afferuntur
314 674 547 727 fragmenta
580 670 675 711 fere
710 672 763 712 ad
800 671 955 712 cottabi
992 669 1136 710 ludum
1173 671 1384 722 spectant,
1422 667 1519 708 vide

46 752 305 794 Athenaeum
341 752 419 793 XV
461 764 503 805 p.
543 749 626 790 066
642 750 682 791 d.
726 751 867 801 6671),
913 749 1075 791 Polluc.
1113 747 1195 790 VII
1233 747 1330 789 132.
1369 746 1410 789 X
1449 745 1519 796 17,

38 830 188 872 ‘SchoL
233 829 446 883 Aristoph.
482 829 580 870 Pac.
626 830 752 871 1242.
821 828 1021 871 Herculis
1067 840 1150 868 nou
1193 827 1331 867 nullas
1378 828 1520 879 partes

45 908 178 950 fuisse
203 909 329 951 docet
357 909 512 952 Athen.
540 909 618 952 XV
647 922 690 964 p.
721 909 803 949 667
819 909 859 959 b,
888 907 961 948 ubi
989 907 1165 948 invictus
1194 903 1323 946 heros
1351 904 1523 945 iubetur

47 983 110 1042 μὴ
140 985 336 1043 σκληρὰν
365 983 477 1042 ἔχειν
504 984 587 1038 τὴν
611 987 737 1043 χεῖρα
763 984 935 1042 μέλλων
962 981 1251 1038 κοτταβίζειν.
1295 983 1523 1025 Praeterea

47 1067 242 1110 laudatur
275 1068 428 1110 Athen.
467 1069 546 1110 XV
583 1081 624 1123 p.
655 1069 738 1109 677
753 1081 791 1108 a.
834 1067 897 1109 111
934 1079 978 1121 p.
1018 1067 1101 1107 119
1118 1065 1158 1108 b.
1204 1064 1264 1106 XI
1303 1075 1348 1117 p.
1382 1062 1468 1105 478
1485 1075 1522 1104 c.

49 1147 239 1188 Titulum
266 1147 433 1189 fabulae
461 1147 514 1189 ad
536 1149 679 1190 nescio
708 1161 832 1204 quam
862 1147 973 1188 Iovis
1003 1143 1295 1186 contumeliam
1331 1146 1524 1196 spectare

51 1226 183 1279 quivis
221 1227 385 1267 viderit.
449 1227 565 1268 Male
601 1227 713 1268 enim
749 1226 862 1280 apud
898 1225 1127 1267 Eudociam
1170 1227 1212 1263 et
1241 1220 1524 1264 Andronicum

49 1299 317 1359 καλούμενος
344 1306 500 1360 legitur
526 1319 602 1360 pro
632 1300 913 1359 κακούμενος.
976 1303 1093 1344 Idem
1121 1302 1266 1342 vitium
1296 1301 1396 1341 olim
1426 1300 1526 1341 Pol·
1580 1350 1591 1354 ὀ

37 1383 188 1426 vlucem
214 1375 299 1427 VII
325 1385 409 1425 132
447 1385 664 1426 obsidebat
698 1383 1014 1436 tollendumque
1049 1387 1114 1424 est
1144 1383 1270 1422 etiam
1300 1394 1350 1421 ex
1380 1378 1524 1422 Schol.

50 1463 158 1507 Ven.
187 1465 473 1518 Aristophanis
501 1465 598 1506 Pac.
626 1465 753 1507 1242.
805 1459 949 1512 Ἰοῦς
977 1461 1145 1504 fabulae
1176 1474 1302 1505 unum
1331 1442 1527 1514 superest

39 1539 329 1599 *fragmentum
358 1544 469 1599 apud
498 1544 761 1588 Athenaeum
789 1543 890 1586 XIV
919 1558 961 1598 p.
992 1543 1075 1583 657
1092 1555 1129 1582 a.

158 1622 361 1678 'Sequitur
389 1621 671 1679 Κλεοφῶν,
703 1637 809 1678 quae
826 1619 1145 1678 Olymp.XCIIl
1165 1621 1191 1661 3
1220 1630 1305 1661 una
1333 1630 1428 1660 cum
1440 1615 1528 1660 Ra-

42 1695 119 1747 ³itis
147 1704 434 1757 Aristophanis
473 1708 516 1745 et
550 1704 777 1758 Phrynichi
807 1704 941 1748 Musis
980 1703 1025 1743 in
1053 1699 1273 1742 'certamen
1310 1699 1529 1740 commissa

39 1783 99 1823 “et
120 1784 250 1823 ‘tertio
280 1783 372 1840 icco
401 1784 543 1825 habita
573 1788 649 1825 est.
706 1784 759 1827 V.
794 1797 953 1837 argum.
983 1782 1209 1823 Ranarum.
1267 1779 1430 1833 Scripta
1458 1791 1531 1819 au-

47 1860 141 1902 sem
176 1861 282 1902 haec
316 1863 458 1904 fabula
493 1863 574 1904 fuit
608 1864 653 1905 in
691 1863 1016 1917 Cleophontem,
1052 1859 1282 1901 turbulenti
1318 1859 1531 1899 hominem

49 1940 211 1995 Ingenii
247 1943 573 1998 popularemque
610 1955 752 1983 auram
796 1942 1046 1996 turpissimis
1089 1941 1245 1980 artibus
1282 1942 1530 1991 captantem.

58 2018 154 2064 vid.
183 2022 418 2063 Demetrius
453 2022 506 2063 de
541 2022 660 2064 Eloc.
698 2024 734 2074 §.
763 2022 851 2063 294
888 2026 931 2062 et
965 2019 1105 2061 Schol.
1146 2019 1273 2061 Arist.
1310 2017 1417 2058 Rau.
1449 2017 1532 2056 (590

26 2099 135 2140 “aaz
171 2094 231 2150 εἰς
274 2098 431 2141 τοῦτον
460 2098 540 2142 τὸν
579 2098 846 2155 δημαγωγὸν
886 2097 1038 2155 δρᾶμα
1067 2095 1247 2153 φέρεται
1274 2091 1532 2143 Πλάτωνος,

55 2178 138 2219 ’καὶ
160 2174 448 2234 ἐπιγράφεται
476 2174 718 2233 ὁμωνύμως
748 2175 867 2237 αὐτῷ
894 2175 1127 2233 Κλεοφῶν.
1184 2172 1345 2215 τοῦτον
1378 2188 1533 2232 κωμῳ-

58 2254 135 2299 Bet
155 2254 214 2309 ὥς
243 2257 368 2310 ξένον
393 2257 470 2299 καὶ
505 2254 706 2313 φλύαρον
740 2259 818 2299 καὶ
854 2254 1065 2316 δυσγενῆ.
1127 2255 1219 2298 Cfr,
1248 2255 1396 2295 Suidas
1434 2269 1468 2296 s.
1493 2270 1533 2297 v.

66 2334 411 2394 φιλοτιμότερος.
483 2338 594 2380 Hinc
631 2334 853 2380 Thraciam
890 2337 1155 2379 hirundinem
1202 2335 1244 2375 in
1283 2335 1372 2375 eius
1406 2335 1533 2376 labris

62 2420 256 2470 'strepere
287 2417 384 2457 dicit
413 2418 710 2470 Aristophanes
738 2419 766 2461 1.
797 2419 825 2459 1.
858 2419 928 2471 qui
956 2417 1221 2458 acerbissime
1252 2424 1348 2455 eum
1379 2415 1534 2456 iterum

68 2495 199 2548 tangit
231 2496 485 2549 Thesmoph.
513 2495 596 2537 805
633 2498 739 2538 Rau.
771 2498 881 2538 1504
924 2502 965 2537 et
1004 2497 1044 2536 in
1082 2496 1165 2535 fine
1201 2494 1367 2533 fabuiae
1408 2494 1534 2536 1532.

73 2574 378 2618 obscuritatem
412 2578 577 2630 generis
613 2578 750 2631 attigit
792 2578 915 2619 etiam
954 2577 1150 2618 Aelianus
1188 2575 1238 2616 V.
1269 2575 1324 2615 Η.
1355 2574 1435 2614 XII
1465 2574 1535 2615 43.

0 2683 1 2691 ,
66 2646 344 2709 ’Ῑὲτερβόλου
372 2652 419 2696 δὲ
446 2655 522 2696 καὶ
557 2654 849 2712 Κλεοφῶντος
877 2680 933 2690 -
961 2652 1104 2709 οὐδεὶς
1143 2649 1208 2694 ἂν
1228 2652 1345 2694 εἴποι
1374 2648 1538 2709 ῥᾳδίως
