1702 3190
372 598 801 659 HISTORIA
840 597 1202 660 CRITICA

219 730 747 794 COMICORUM
789 731 1360 792 GRAECORUM.

48 960 174 1021 Cum
206 980 335 1020 multa
363 979 516 1020 habeat
544 992 718 1033 graecae
746 978 1000 1033 antiquitatis
1028 978 1324 1033 pervestigatio
1357 979 1526 1034 egregia

50 1062 103 1102 ad
132 1061 345 1100 liberalem
381 1059 536 1112 ingenii
566 1060 722 1100 cultum
753 1064 796 1100 et
827 1058 1107 1099 eruditionem
1138 1060 1398 1110 adiumenta,
1435 1064 1526 1101 tum

47 1139 160 1180 haud
195 1140 279 1179 scio
319 1152 371 1179 an
409 1139 511 1179 nihil
540 1139 614 1188 sit,
652 1140 695 1180 in
737 1151 818 1191 quo
860 1139 951 1191 quis
983 1137 1141 1177 maiore
1172 1142 1214 1178 et
1250 1140 1441 1184 utilitatis
1482 1142 1526 1189 ej:

45 1219 270 1271 voluptatis
291 1230 383 1257 cum
403 1217 542 1258 fructu
561 1219 741 1258 studium
763 1229 1016 1270 operamque
1039 1216 1244 1257 collocare
1261 1218 1393 1270 possit
1405 1230 1528 1270 quam

44 1296 90 1337 in
118 1298 268 1337 idonea
295 1297 503 1337 literariae
535 1309 656 1349 quam
686 1302 834 1337 vocant
848 1295 1058 1344 historiae,
1073 1295 1376 1348 explanatione.
1419 1298 1528 1337 Nam

50 1377 86 1417 si
118 1390 167 1417 ea
196 1381 259 1416 est
287 1377 411 1416 animi
439 1378 547 1417 bene
577 1391 600 1417 a
630 1380 776 1417 natura
804 1375 1019 1416 informati
1047 1375 1210 1415 indoles
1243 1381 1285 1416 et
1313 1376 1443 1425 ratio,
1479 1378 1527 1415 ut

49 1468 190 1496 earum
231 1456 406 1496 maxime
447 1469 589 1496 rerum
636 1455 986 1508 contemplatione
1030 1455 1238 1508 capiatur,
1294 1468 1396 1507 quas
1442 1467 1528 1494 non

36 1542 207 1579 ,temere
238 1539 280 1574 et
310 1547 419 1584 casu,
449 1535 524 1575 sed
551 1539 723 1576 naturae
752 1535 915 1588 legibus
946 1534 1242 1574 convenienter
1261 1535 1355 1573 fieri
1375 1534 1527 1582 videat,

46 1612 150 1653 nihil
172 1613 362 1665 profecto
393 1615 578 1666 reperias
617 1615 727 1668 quod
755 1615 823 1655 vel
854 1614 906 1654 ad
934 1612 1157 1665 ingenuam
1186 1613 1312 1653 animi
1343 1613 1527 1653 oblecta·

38 1690 208 1749 tionem
237 1692 457 1733 iucundius
494 1694 562 1734 vel
601 1695 653 1733 ad
683 1693 940 1745 antiquitatis
976 1692 1179 1732 rationem
1211 1698 1401 1733 accurate
1431 1704 1529 1745 per-

49 1768 303 1821 spiciendam
332 1770 586 1812 fructuosius
617 1786 709 1813 esse
730 1771 874 1825 possit,
906 1784 1027 1823 quam
1058 1771 1094 1811 si
1124 1772 1176 1812 ad
1206 1785 1347 1812 earum
1378 1770 1530 1810 artium

49 1847 413 1900 doctrinarumque
454 1849 667 1890 historiam
707 1851 872 1904 penitus
904 1851 1234 1903 cognoscendam
1268 1854 1312 1888 te
1346 1847 1529 1897 dederis,

48 1939 154 1979 quae
184 1940 266 1967 non
296 1927 468 1969 fortuita
498 1929 673 1981 quadam
702 1929 817 1969 velut
843 1934 1075 1969 atomorum
1115 1927 1388 1968 concursione
1428 1940 1529 1968 con-

46 2004 171 2046 flatae
198 2006 266 2046 vel
294 2008 522 2048 umbratico
552 2009 741 2048 acumine
770 2008 978 2057 inventae,
1006 2007 1081 2048 sed
1098 2021 1148 2048 ex
1170 2007 1254 2048 suis
1282 2007 1530 2061 progenitae

47 2085 255 2126 radicibus
292 2086 407 2139 quasi
434 2100 512 2139 per
540 2088 692 2140 gradus
724 2088 923 2140 quosdam
967 2099 1018 2127 ex
1046 2087 1281 2128 necessaria
1309 2091 1351 2127 et
1378 2087 1530 2128 immu-

49 2164 166 2204 tabili
196 2165 291 2218 lege
319 2168 492 2205 naturae
521 2167 572 2205 ab
602 2166 943 2220 ingeniosissimis
972 2166 1208 2207 hominibus
1251 2166 1304 2206 ad
1331 2166 1436 2207 illud
1465 2165 1530 2205 fa·-

51 2243 219 2296 stigium
248 2243 450 2284 adductae
479 2248 588 2295 sunt,
618 2250 665 2285 ut
686 2245 866 2298 posteris
896 2258 1063 2286 omnem
1083 2258 1216 2298 prope
1247 2243 1531 2296 consequendi

52 2320 117 2359 sui
154 2334 269 2373 spem
309 2323 512 2364 ademi-se
551 2325 781 2366 videantur.
841 2325 985 2376 ltaque
1016 2328 1059 2363 et
1094 2323 1186 2376 ipse
1224 2328 1529 2376 saepenumero

54 2397 168 2437 dolui
198 2403 239 2438 et
269 2400 371 2440 alios
401 2401 582 2441 doluisse
611 2403 814 2452 existimo,
846 2401 1145 2442 eruditissimos
1177 2414 1366 2454 quosque
1396 2401 1530 2442 Grae·-

53 2477 141 2517 ciae
169 2477 419 2529 interpretes
445 2480 488 2520 in
518 2480 598 2520 hac
626 2482 885 2534 potissimum
915 2481 1167 2534 antiquitatis
1196 2484 1316 2534 parte
1345 2480 1530 2521 ornanda

24 2546 297 2596 ‘industriam
331 2557 538 2597 collocare
578 2570 694 2597 suam
735 2561 942 2610 noluisse3
987 2561 1098 2614 quod
1129 2561 1165 2600 si
1193 2560 1416 2608 fecissent,
1443 2570 1529 2600 nou

52 2634 201 2676 harum
238 2639 397 2676 tantum
436 2635 649 2676 literarum
686 2638 890 2693 rationem
927 2649 1162 2691 nexumque
1198 2638 1341 2691 paullo
1379 2637 1531 2683 melius

53 2717 317 2765 teneremus,
355 2714 431 2755 sed
468 2715 522 2756 de
560 2715 650 2756 aliis
681 2728 846 2770 quoque
876 2718 1024 2759 doctae
1058 2717 1313 2771 antiquitatis
1343 2717 1531 2771 partibus

1193 2795 1217 2835 1
1252 2797 1270 2816 0
