1702 3190
661 141 927 171 enimomnes.
1442 129 1526 170 1⁰8

46 249 211 301 olymp.
236 245 375 287 xcul
403 245 446 294 8,
482 255 564 297 quo
595 257 701 285 anno
731 243 1020 296 Aristophanis
1051 244 1190 283 Ranae
1228 241 1390 292 docuit,
1426 256 1522 296 pro*

46 327 209 367 duxisse
246 330 488 366 statuamus.
558 324 678 376 Quod
720 323 829 363 enim
861 323 1073 362 naum-ius
1117 336 1212 363 eum
1250 323 1317 363 vel
1356 323 1522 376 Olymp.

43 406 174 447 XCVI
217 418 436 458 superasse
475 404 681 443 existimat
723 406 896 455 propter
944 398 1222 452 Φιλέταιρον,
1246 401 1429 442 fabulam
1469 403 1521 444 ab

37 486 166 526 Suida
195 486 573 531 commemoratam,
603 494 725 535 quam
755 482 828 520 ille
857 481 910 520 ad
940 480 1100 520 mediae
1131 481 1372 522 comoediae
1400 483 1519 536 inge·

43 566 155 605 nium
184 567 496 617 attemperatam
525 561 653 600 fuisse
683 573 733 600 ex
762 559 882 599 titulo
913 559 1092 612 colligit,
1133 559 1176 598 id
1208 571 1330 611 quam
1360 560 1518 602 incerta

41 644 278 685 coniectura
323 643 477 682 nitatur
530 638 657 680 facile
701 639 960 692 intelligitur.
1042 640 1237 678 Dramata
1283 638 1517 679 Philonidis

37 727 204 776 praeter
253 718 519 773 Φιλέταιρον
564 730 588 758 a
633 716 762 758 Suida
812 721 855 757 et
903 718 1091 758 Eudocia
1139 722 1516 758 commemorantur

31 795 211 850 ’.Απήνη
241 803 284 841 et
311 793 560 852 Κόθορνοι.
621 798 807 850 Quorum
837 798 949 850 quod
987 799 1122 850 primo
1161 798 1253 837 loco
1292 799 1513 847 nominavi,

36 879 250 921 Hanovius
287 893 310 919 a
346 882 472 932 poeta
499 870 706 926 ’Λπηνὴς
742 880 933 917 vocatum
972 889 1104 930 eaque
1134 878 1176 917 in
1207 877 1348 917 fabula
1377 878 1512 917 homi-

31 971 123 999 nem
164 970 374 999 morosum
412 960 454 996 et
497 951 745 1011 Φιλεταίρῳ
784 957 1038 997 contrarium
1086 956 1341 1009 descriptum
1380 956 1512 998 fuisse

28 1038 273 1090 suspicatur.
340 1038 432 1090 Ego
462 1049 562 1076 vero
594 1048 676 1075 non
706 1036 827 1075 video
860 1037 958 1088 quid
991 1030 1173 1084 Ἀπὴνη
1203 1035 1348 1076 titulus
1379 1037 1511 1090 magis

0 1126 2 1152 ἰ
28 1104 121 1157 miri
149 1117 301 1166 habeat
330 1127 520 1169 quamv.
551 1126 588 1154 c.
616 1108 852 1167 Σφενδόνῃ
882 1115 1091 1167 Amipsiae
1124 1115 1188 1153 vel
1213 1108 1366 1162 Ἰπνὸς
1396 1116 1508 1155 Phe-

29 1197 201 1236 recratis
242 1196 308 1235 vel
337 1188 500 1245 Βωμὸς
537 1196 580 1232 et
614 1190 764 1244 Λέβης
802 1195 1007 1244 Alexidis,
1045 1195 1149 1233 aliae
1187 1195 1366 1246 denique
1405 1196 1507 1235 alio-

24 1287 129 1319 rum.
198 1274 329 1315 Goth
345 1285 436 1314 urn
451 1283 593 1312 orum
632 1277 920 1325 argumentum
959 1274 1011 1314 ad
1043 1274 1346 1314 Theramenem
1376 1275 1506 1327 perti-

25 1354 177 1402 nuisse,
207 1366 328 1406 quem
346 1357 520 1406 propter
535 1363 736 1392 summam
760 1353 803 1392 in
821 1353 948 1393 rebus
967 1354 1156 1394 civilibus
1185 1353 1504 1394 inconstantiam

26 1426 267 1486 Κοθόριόυ
296 1444 527 1485 cognomen
557 1432 762 1471 meruisse
791 1436 965 1483 constat,
995 1432 1221 1474 Ruhnken.
1251 1431 1305 1471 de
1330 1433 1502 1486 Antiph.

21 1510 197 1553 Rhamn.
227 1512 270 1552 in
288 1513 443 1565 Opusc.
472 1511 628 1564 p.239‚
658 1511 767 1551 iusto
796 1511 982 1552 timidius
1012 1513 1244 1566 suspicatus
1276 1516 1340 1553 est
1368 1513 1500 1554 Hem—

20 1591 250 1632 uterhusius
292 1591 345 1630 ad
382 1591 542 1631 Polluc.
582 1591 664 1632 vol.
705 1591 746 1631 11
787 1605 830 1645 p.
868 1592 993 1632 1293.
1072 1593 1249 1632 Omnem
1296 1593 1500 1634 dubitanti

19 1670 255 1723 scrupulum
302 1670 455 1710 eximet
498 1670 798 1711 Grammaticus
837 1671 1017 1711 Bekkeri
1051 1672 1210 1712 Anecd.
1252 1685 1292 1724 p.
1336 1673 1419 1711 1⁰0
1459 1674 1498 1721 l,

23 1745 300 1804 θηραμένηςε
352 1745 432 1798 τὴν
481 1745 701 1800 κλητικήν.
777 1746 1052 1799 Φιλιππίδης
1090 1743 1372 1804 Κοθόρνοις,
1424 1752 1496 1791 ubi

25 1824 269 1877 Φιλωνίδης
304 1829 568 1869 scribendum
608 1834 685 1871 est.
753 1830 930 1870 Pluralis
971 1833 1132 1878 autem,
1171 1842 1253 1882 quo
1292 1830 1334 1870 in
1374 1831 1493 1871 titulo

19 1921 114 1950 usus
144 1912 207 1948 est
235 1913 373 1961 poeta,
402 1908 454 1948 ad
485 1910 656 1955 chorum
689 1909 852 1949 fabulae
872 1913 1061 1962 spectare
1078 1909 1257 1958 videtur,
1288 1923 1409 1962 quem
1443 1925 1494 1952 ex

24 1983 273 2041 Δοθόρνοις
312 1987 355 2028 h.
387 2002 425 2028 e.
456 1989 677 2028 mobilibus
707 1994 751 2029 et
778 1989 961 2028 ventosis
990 1988 1226 2028 hominibus
1257 1990 1493 2031 constitiss‘e

5 2071 333 2115 ‚consentaneum
364 2072 441 2108 est.
478 2069 704 2109 Praeterea
733 2068 971 2110 cothurnos
1002 2075 1328 2110 commemorant
1358 2073 1489 2111 Athe-

13 2158 138 2188 naeus
168 2145 207 2186 11
246 2159 286 2198 p.
316 2147 371 2187 47
388 2161 427 2188 e.
468 2149 528 2189 VI
557 2162 598 2201 p.
629 2148 759 2189 2281‘.
807 2147 891 2188 247
907 2160 945 2188 e.
990 2148 1066 2189 XV
1095 2162 1137 2200 p.
1168 2149 1253 2188 700
1267 2149 1297 2199 f,
1340 2151 1489 2191 Pollux

11 2225 91 2267 vn
120 2226 220 2264 202.
268 2226 326 2267 IX
354 2227 425 2268 29.
469 2227 507 2269 Χ
537 2227 635 2277 115,
678 2228 980 2268 Grammaticus
1018 2229 1197 2269 Bekkeri
1239 2229 1378 2281 1».-83
1419 2230 1486 2270 17.

122 2421 184 2456 est
214 2416 266 2455 de
297 2416 528 2457 Philonidis
565 2431 692 2470 opera
723 2419 1001 2473 Aristophani·
1023 2421 1064 2460 in
1102 2421 1253 2462 fabulis
1283 2422 1483 2463 docendis

122 2474 317 2526 praestita
355 2476 562 2526 quaestio,
603 2476 777 2516 maxime
808 2484 985 2532 ‘propter
1021 2479 1282 2518 didascaliam
1320 2481 1482 2532 Vespa-

122 2542 227 2579 rum‚
257 2531 309 2572 de
339 2543 418 2583 qua
447 2546 582 2584 neque
600 2532 836 2574 Dindorflus
867 2538 918 2576 ad
930 2536 1219 2588 Aristophanis
1248 2537 1482 2589 fragmenta

118 2601 158 2639 p.
189 2588 241 2626 65
262 2602 349 2641 sqq.
379 2601 514 2642 neque
543 2591 756 2686 llanoxips
780 2593 807 2632 l.
839 2593 866 2634 l.
897 2608 937 2646 p.
968 2594 1022 2633 24
1060 2594 1115 2633 ita
1146 2595 1407 2647 disputarunt
1437 2601 1480 2635 nt

122 2644 356 2685 satisfaciat.
433 2648 516 2688 Sed
562 2648 613 2687 de
662 2648 702 2685 ln
764 2654 910 2702 utpote
950 2664 1042 2691 cnm
1082 2652 1290 2703 praesenti
1336 2657 1478 2692 nostro

119 2701 290 2741 consilio
321 2701 455 2743 minus
485 2705 710 2746 coniunctis
741 2708 821 2748 alio
851 2708 943 2750 loco
974 2709 1136 2750 dioetur
1164 2710 1385 2763 copiosius.
