1702 3190
480 122 773 156 arorronoans
810 123 1050 155 casroi-ms.
1431 113 1518 156 463

47 240 227 280 maram,
271 237 398 281 quum
445 239 536 269 eam
580 225 856 281 suspicionem
903 238 1040 279 nuper
1081 225 1239 268 diserto
1273 225 1515 270 testimonio

45 307 235 362 anonymi
265 307 478 361 scriptoris
507 320 530 347 a
554 305 667 347 Maio
696 305 797 346 editi
827 305 1110 347 confirmatam
1139 305 1246 347 vidi:
1275 307 1516 352 Fabulae

45 387 158 429 eius
186 387 437 439 (Terentii)
467 389 648 427 extant
676 387 910 438 quatuor
947 396 971 423 e
1001 383 1297 427 Menandro
1331 390 1519 429 trans-

44 465 210 516 latae,
254 465 456 506 Andria
492 464 785 505 Eunuchus
822 461 1104 514 Adelphoe
1141 466 1191 503 et
1230 464 1516 507 Heauton-a

42 545 448 593 timorumenos3
485 544 621 584 duae
670 555 727 582 ex
763 540 1102 594 Apollodoro
1141 541 1356 585 Garicio
1393 545 1514 598 (sic),

41 625 251 678 Hecyra
287 627 341 664 et
369 622 632 664 Phormio.
697 620 749 662 V.
778 619 931 672 Angeli
960 619 1063 660 Maii
1090 620 1343 673 Fragmenta
1372 622 1513 664 Plauti

41 706 85 744 et
113 701 299 743 Terentii
326 713 367 754 p.
397 701 467 741 38.
530 699 619 740 Cfr.
650 699 721 752 qui
750 699 899 740 eodem
928 699 1166 742 testimonio
1195 711 1296 742 usus
1326 714 1422 743 esse
1448 702 1514 743 vi·

39 781 162 822 detur
189 780 384 821 Petrarca
411 778 455 818 in
483 778 567 818 vita
594 778 784 819 Terentii
813 779 925 832 apud
937 779 1266 822 Westerhofium
1291 794 1335 837 p.
1350 780 1513 826 XXXV

36 859 108 901 ubi
136 858 414 912 Apollodorus
445 857 766 899 Corinthius
793 857 995 911 scriptum
1026 862 1103 902 est.

149 937 328 980 Fabulas
357 937 656 992 Apollodorum
687 937 925 990 carystium
963 937 1050 979 sive
1078 939 1377 981 Atheniensem
1412 939 1511 981 Sui-

38 1015 111 1060 das
139 1016 330 1060 docuisse
366 1018 500 1060 refert
537 1020 698 1071 septem
728 1020 772 1058 et
799 1015 1099 1071 quadraginta,
1128 1022 1172 1061 et
1200 1018 1419 1073 quinquies
1446 1018 1511 1059 vi-

35 1098 160 1140 cisse.
231 1097 396 1139 Titulos
424 1096 535 1138 idem
561 1096 753 1151 apposuit
781 1095 942 1138 nullos:
977 1110 1002 1138 a
1030 1099 1201 1153 reliquis
1229 1102 1370 1140 autem
1400 1109 1510 1152 quae

34 1181 202 1233 praeter
241 1171 705 1231 Ἀποκαρτεροῦντας,
752 1170 1117 1228 Ἀπολιποῦσαν,
1147 1176 1195 1218 Γ
1185 1174 1510 1233 ραμματειδιο-

33 1252 164 1298 ποιόν
193 1260 236 1298 et
257 1251 453 1312 Ἶέρειαν,
485 1269 585 1309 quas
616 1269 741 1310 supra
771 1256 995 1309 attigimus,
1025 1262 1404 1299 commemorantur
1425 1259 1509 1300 Ga-

31 1337 150 1392 rystii
178 1336 366 1385 fabulae,
393 1335 475 1375 hae
503 1342 631 1377 sunt„
658 1329 1035 1390 ’“Ἀμφιάραος
1072 1336 1158 1377 sive
1195 1337 1336 1390 potius
1368 1331 1506 1392 Ἀμμ-

31 1411 276 1474 φιάρεως
315 1414 426 1468 apud
454 1414 669 1456 Pollucem
699 1415 739 1457 X
767 1416 864 1457 161.
926 1409 1366 1471 Ἀντευεργετῶν
1393 1417 1507 1472 apud

33 1497 209 1546 eundem
238 1494 279 1536 X
306 1494 405 1534 138.
469 1487 748 1546 Διάβολος
784 1495 895 1549 apud
933 1496 1113 1537 eundem
1140 1495 1181 1537 X
1218 1495 1302 1536 154
1341 1494 1419 1536 καὶ
1457 1492 1508 1535 ἐν

27 1567 372 1628 Ἀπολλοδώρου
398 1570 478 1614 τοῦ
510 1569 764 1628 Καρυστίου
791 1570 1056 1627 Διαβάλλων
1093 1575 1219 1627 (eod.
1247 1569 1503 1632 Διαβάλῳ)·

30 1653 164 1710 μέγα,
193 1641 228 1692 ὦ
264 1648 486 1708 Φορμίων,
515 1647 835 1708 γλωττόκομον,
864 1648 944 1695 οὐκ
972 1648 1235 1709 ὀφθαλμιῶ.
1269 1655 1504 1697 Gatakerus

30 1734 212 1778 Miscell.
242 1733 261 1775 1
290 1734 316 1774 0
349 1734 557 1774 scribebat
573 1728 882 1786 Διαβάλλοντι.
921 1734 1006 1775 Sed
1034 1739 1151 1776 recte
1172 1735 1504 1790 langermannus

30 1808 246 1868 Διαβόλῳ.
314 1813 547 1854 Menander
575 1814 685 1867 apud
715 1813 858 1856 Schol.
887 1814 1169 1868 Hermogenis
1207 1828 1250 1869 p.
1280 1816 1338 1857 37
1365 1812 1504 1871 γραῦς

29 1887 237 1945 διάβολος
294 1892 687 1935 calumniatrix.
771 1894 982 1936 Adverbio
1025 1889 1246 1947 ὃιαβόλως
1287 1907 1389 1936 usus
1436 1900 1502 1938 est

29 1972 297 2026 Thucydides
335 1973 394 2015 vl
434 1972 490 2013 15
536 1976 580 2014 et
616 1966 839 2026 Διάβολον
883 1975 1108 2016 Nicostrati
1150 1974 1354 2017 habemus
1388 1975 1503 2030 apud

28 2051 288 2096 Athenaeum
323 2051 385 2092 XI
419 2064 462 2105 p.
491 2053 632 2096 4741».
699 2054 833 2096 Recte
872 2056 1000 2109 igitur
1037 2067 1181 2109 margo
1218 2055 1501 2100 Gesnerianus

0 2128 2 2168 L
31 2133 76 2172 et
101 2130 322 2171 Gratianus
351 2130 523 2171 Stobaei
559 2133 706 2173 Floril.
735 2134 795 2176 VI
839 2135 895 2174 28
937 2134 1062 2174 habet
1093 2135 1417 2187 Apollodori
1446 2137 1498 2179 in

0 2207 5 2273 J
31 2207 450 2260 Calumniatore,
486 2210 559 2250 ubi
589 2210 847 2253 Gaisfordius
883 2213 1040 2254 nudum
1070 2214 1315 2267 Apollodori
1342 2228 1498 2259 nomen

0 2277 183 2343 Jposuit.
249 2287 446 2331 Ceterum
491 2290 695 2332 Gatakeri-
724 2296 990 2345 argumenta,
1025 2293 1175 2346 quibus
1211 2293 1285 2335 ille
1323 2308 1375 2337 ex
1413 2296 1496 2339 hac

0 2355 6 2431 J
32 2365 174 2408 fabula
201 2366 495 2409 Phormionem
528 2370 822 2413 Terentianam
853 2385 1091 2426 expressam
1121 2386 1216 2414 esse
1244 2375 1397 2417 docere
1423 2389 1497 2418 co-

0 2447 6 2508 J
33 2450 156 2512 natus
189 2449 271 2496 est,
309 2448 474 2490 mireris
503 2463 717 2493 assensum
753 2452 898 2493 tulisse
926 2452 1095 2493 Luzacii
1123 2453 1178 2495 de
1211 2454 1386 2510 digamia
1415 2457 1496 2498 So-

0 2526 158 2575 cratis
186 2539 227 2579 p.
256 2526 326 2569 64.

141 2604 346 2658 Corrupto
373 2606 540 2650 fabulae
567 2610 726 2651 nomini
749 2603 944 2650 Ἐννέα
972 2611 1082 2665 apud
1096 2612 1365 2655 PollucemX
1395 2613 1494 2664 153,

1 2690 7 2729 ς
26 2675 410 2739 Ἀπολλόδωρος’
387 2697 415 2724 o
441 2681 691 2744 Καρύστιος
717 2686 766 2729 ἐν
791 2686 848 2747 τῇ
881 2685 1056 2747 Ἐννέα,
1084 2694 1294 2747 quomodo
1322 2692 1494 2734 medear
