1702 3190
701 132 915 163 sum-rme.
1451 116 1529 158 281

64 240 145 283 alio
176 232 367 281 traxeiim
406 248 511 289 quae
549 236 602 276 de
638 230 851 290 καμμόρῳ
880 233 1181 273 medicamento
1218 228 1532 285 refrigeratoria

66 334 115 362 ex
145 321 287 360 eadem
329 317 470 357 fabula
510 317 631 356 affert
659 316 880 356 Erotianus
910 326 950 364 p.
982 311 1078 351 216.
1148 312 1233 351 Sed
1269 312 1535 351 acerbissime
1592 338 1622 360 4

64 401 299 441 morbosum
346 397 556 436 hominem
599 398 765 448 praeter
810 391 973 446 Lysiam
1010 391 1038 431 l.
1076 389 1104 430 l.
1155 391 1372 444 descripsit
1416 392 1533 431 Plato

63 480 172 534 apud
203 478 406 519 Galenum
437 477 465 516 1.
497 476 525 516 1.
555 475 625 515 ubi
656 473 809 513 dicitur

813 546 859 588 ἐκ
889 542 1166 600 πλευρίτιδος

227 626 434 679 σκελετός,
464 625 644 682 ἄντυγος,
667 623 892 682 καλάμινα
921 625 1051 676 σκέλη
1083 626 1245 681 φέρων,

227 705 382 765 φθόης
409 704 652 763 προφήτης,
679 703 867 762 ἐσχάρας
895 705 1156 760 κεκαυμένος

225 785 432 836 πλείστας
459 784 519 828 ὑπ
548 785 854 843 Ἐὐρυφῶντος
883 785 930 827 ἐν
958 784 1018 842 τῷ
1047 781 1232 839 στόματι.

59 871 119 911 lta
147 869 254 913 enim
285 868 507 921 legendum
537 881 658 908 versu
691 866 874 908 secundo
905 879 980 919 pro
1014 867 1126 905 edito
1155 859 1328 908 ἄπυιος.

112 966 114 974 =
164 944 538 1000 Λιμνομέδων
576 947 875 1000 perobscurum
908 949 972 985 est
1006 945 1172 985 fabulae
1207 942 1411 994 elogium,
1451 951 1527 990 pro

58 1038 137 1078 quo
171 1023 478 1079 Λημνομέδων
513 1026 725 1076 Eudocia‚
763 1022 1054 1079 Λημιόπέδαι
1095 1024 1326 1065 Scholiasta
1364 1019 1526 1057 Platon.

53 1117 96 1156 p·
138 1105 235 1153 32⁰,
297 1102 574 1157 Λημνομέδα
627 1111 669 1146 et
710 1099 995 1158 Λημνομήὸα
1046 1105 1141 1143 libri
1187 1098 1526 1154 llarpocrationis

52 1195 94 1236 p.
123 1184 178 1223 26
209 1185 248 1223 6.
280 1184 434 1225 Similis
465 1184 736 1225 inconstantia
767 1185 956 1225 codicum
987 1182 1191 1224 Athenaei
1209 1181 1285 1221 vu
1312 1193 1352 1231 p.
1383 1178 1466 1217 327
1486 1189 1522 1216 e.

52 1261 123 1302 ubi
152 1262 336 1303 Venetus
365 1261 658 1316 Λημνομέδα,
700 1264 928 1303 deteriores
962 1266 1101 1301 autem
1139 1262 1235 1300 libri
1263 1254 1525 1309 Λιμνομέὸά

52 1339 228 1390 habent3
259 1341 337 1381 cfr.
366 1341 405 1381 X
434 1355 475 1395 p.
506 1343 590 1382 473
609 1356 631 1382 c
661 1343 729 1383 ubi
760 1355 869 1382 nunc
898 1335 1185 1394 Λημνομέδα,
1217 1339 1316 1379 olim
1344 1335 1524 1385 Ληπτο-

51 1417 162 1470 μέδα
193 1425 236 1459 et
263 1434 339 1473 pro
370 1422 568 1461 Strattide
598 1422 802 1462 Stratonis
834 1434 984 1461 nomen
1015 1421 1254 1474 legebatur,
1284 1417 1396 1470 quod
1426 1428 1518 1456 cor-

51 1499 156 1540 rexit
185 1513 234 1539 ex
264 1501 483 1540 Eustathio
515 1501 950 1554 Schweighaeuserus.

162 1574 478 1626 Mamoamg
528 1579 748 1620 laudantur
794 1581 844 1620 ab
890 1580 1108 1621 Athenaeo
1152 1573 1232 1619 Vll
1277 1589 1318 1628 p.
1365 1577 1449 1615 302
1483 1589 1519 1614 e.

52 1656 135 1696 323
151 1657 190 1696 b.
227 1657 474 1711 Harpocrat.
517 1673 557 1711 p.
590 1658 672 1700 176
703 1660 757 1698 12
793 1659 894 1710 (ubi
924 1660 1006 1711 leg.
1037 1655 1239 1696 ἕλκουσιν
1269 1650 1521 1705 ὀνόύοντες)

52 1741 94 1774 et
130 1737 340 1777 Antiattic.
379 1751 420 1790 p.
453 1739 535 1778 108
570 1740 640 1778 29.
705 1739 759 1779 At
790 1738 1032 1778 Athenaeus
1063 1738 1120 1776 lx
1159 1750 1200 1789 p.
1231 1736 1314 1774 396
1330 1748 1369 1774 a.
1410 1734 1522 1773 hunc

51 1815 187 1866 poenit
212 1814 381 1856 fabulae
411 1817 602 1857 titium:
639 1811 855 1870 Στράττις
884 1813 930 1854 ἐν
962 1810 1221 1855 Mammam
1250 1808 1278 1863 ἢ
1308 1808 1521 1867 Κινησία,

50 1893 122 1933 ubi
157 1896 397 1934 memoriter
437 1895 542 1936 haec
579 1897 697 1937 citari
737 1898 787 1936 ab
817 1896 1035 1936 Athenaeo
1075 1909 1169 1936 cum
1197 1893 1520 1946 Schweighaeu-
1571 1918 1575 1922 -

50 1981 142 2012 tero
159 1973 411 2023 crederem,
449 1975 528 2014 nisi
555 1988 697 2015 rursus
727 1976 917 2016 similiter
946 1975 1161 2027 legeretur
1188 1973 1289 2025 Xlll
1321 1988 1364 2026 p.
1392 1974 1476 2013 589
1497 1987 1518 2012 a

48 2048 96 2089 ἐν
124 2046 385 2115 Μακεδόσιν
414 2046 443 2102 ἢ
473 2050 718 2108 Παυσανίᾳ
771 2056 859 2094 Nec
891 2056 996 2093 solet
1026 2055 1083 2093 ita
1113 2053 1368 2093 Athenaeus.
1409 2053 1518 2091 Con·

50 2135 113 2169 tra
150 2130 433 2171 Pausanias
467 2131 617 2180 (semel
650 2135 813 2172 laudata
852 2135 901 2172 ab
933 2134 1149 2172 Athenaeo
1179 2132 1277 2172 XIV
1308 2145 1350 2183 p.
1381 2132 1463 2170 654
1477 2131 1517 2181 f)

52 2212 96 2247 et
132 2209 454 2248 Macedones
493 2214 539 2249 ut
578 2207 765 2250 diversae
803 2212 967 2250 fabulae
999 2215 1294 2249 enumerantur
1324 2224 1346 2249 a
1376 2211 1516 2250 Suida.

53 2285 146 2324 Non
174 2285 443 2338 improbabile
473 2292 608 2328 tamen
639 2289 807 2341 plenum
838 2289 1005 2328 fabulae
1044 2289 1207 2327 titulum
1251 2299 1346 2328 esse
1387 2286 1517 2327 Μα-

53 2357 266 2410 κεδόνες
301 2357 328 2412 ἢ
358 2351 714 2415 Παυσανίας,
752 2374 797 2408 ut
825 2369 1031 2408 secundus
1073 2369 1215 2407 titulus
1247 2369 1298 2407 ad
1328 2369 1514 2407 iteratam

54 2441 217 2480 fabulae
246 2443 527 2483 recensionem
559 2449 778 2498 pertineat.
838 2449 932 2487 Hoc
963 2448 996 2486 si
1020 2461 1161 2486 verum
1193 2455 1268 2497 est,
1300 2450 1423 2487 etiam
1454 2450 1514 2487 al—

53 2527 143 2560 tero
174 2521 375 2561 Athenaei
405 2523 497 2562 loco
527 2539 600 2578 pro
632 2527 849 2566 Cinesia
888 2527 1179 2566 Pausaniae
1209 2541 1359 2568 nomen
1391 2542 1513 2580 repo-

51 2598 237 2638 nendum
263 2605 418 2652 putem.
455 2605 499 2644 Si
530 2608 643 2644 certo
676 2611 883 2645 constaret
914 2605 1169 2655 Pausaniam,
1200 2609 1317 2647 cuius
1348 2608 1512 2646 nomine

51 2676 244 2731 inscripta
274 2687 336 2722 est
365 2682 524 2732 fabula,
562 2684 676 2726 illum
706 2685 978 2726 Macedoniae
1005 2698 1149 2739 regem
1180 2698 1296 2736 esse,
1328 2687 1398 2738 qui
1428 2690 1511 2724 ter-
