1702 3190
681 164 846 196 nuxis.
1417 144 1502 188 381

31 279 302 322 memoratur,
345 282 469 324 quem
506 268 615 312 circa
656 266 823 320 olymp.
870 262 968 304 0111
1005 260 1197 302 floruisse
1243 260 1414 314 colligas
1439 269 1503 302 *ex

33 352 329 400 Anaxandridis
359 351 452 389 loco
485 347 594 400 apud
623 347 775 388 Athen.
807 343 863 385 IV
893 355 934 394 p.
966 340 1046 379 131
1065 341 1106 389 b,
1145 341 1217 380 ubi
1244 341 1288 381 in
1319 341 1504 394 Iphicra-

30 437 87 478 tis
126 433 279 486 nuptiis
326 429 510 469 adfuisse
547 426 711 465 dicitur.
781 414 1097 473 Ἀγκυλίων
1139 420 1270 460 semel
1312 420 1507 462 laudatur

34 515 208 567 Diogen.
241 511 378 550 Laert.
412 507 472 547 111
504 506 579 545 26:

203 587 338 641 λέγεις
366 583 465 639 περὶ
494 573 557 622 ὦν
585 577 663 622 οὐκ
692 569 850 630 οἶσθα,
879 575 1096 631 συγγενῶς
1122 575 1285 634 τρέχων

207 662 430 712 Πλάτωνι,
459 660 534 702 καὶ
562 654 720 713 γνώσει
749 654 900 714 λίτρον
928 656 1004 698 καὶ
1031 651 1273 711 κρόμμυον.

39 751 224 801 Tempus
245 744 410 784 fabulae
437 741 589 782 indicat
605 740 790 780 Platonis
819 739 972 789 irrisio,
1003 750 1109 790 quae
1130 735 1258 777 movit
1271 735 1512 777 Clintonum

38 829 151 870 Fast.
182 824 349 865 Hellen.
380 836 421 874 p.
440 821 536 870 127,
569 824 614 859 ut
643 819 914 872 Ancylionem
946 830 1040 858 eum
1070 815 1242 867 reliquis
1272 814 1437 863 fabulis,
1467 814 1512 856 in

39 906 187 960 quibus
216 901 403 943 Platonis
442 898 551 939 facta
589 902 653 938 est
683 899 863 947 mentio,
903 897 954 937 ad
987 896 1152 948 Olymp.
1185 894 1279 936 CVI
1317 893 1513 936 referret.

40 986 235 1026 Fortasse
269 985 400 1020 recte.
468 979 615 1030 ‘Neque
653 977 818 1017 silentio
860 972 1230 1029 praetermittenda
1271 978 1335 1013 est
1363 973 1443 1013 hac
1470 973 1517 1015 in

43 1076 165 1104 eausa
202 1058 441 1111 antiquioris
478 1057 683 1100 Atticismi
729 1056 864 1097 forma
903 1049 1078 1108 λίτρον,
1124 1064 1201 1106 pro
1247 1065 1328 1106 qua
1367 1047 1519 1106 νίτρον

44 1140 265 1184 Alexandri
303 1138 468 1178 demum
505 1137 763 1189 temporibus
799 1134 1023 1176 invaluisse
1061 1133 1295 1185 suspicatur
1333 1131 1518 1173 Lobeck.

45 1221 98 1262 ad
128 1221 280 1271 Pliryn.
319 1231 361 1270 p.
392 1216 489 1258 305.
556 1217 618 1257 De
654 1219 899 1268 argumento
941 1213 1108 1254 fabulae
1145 1212 1340 1252 admonui
1379 1224 1520 1264 supra,

45 1300 117 1341 ubi
158 1298 210 1337 de
245 1296 400 1337 Eubuli
436 1295 667 1347 Ancylione
707 1298 842 1333 actum
881 1299 957 1334 est.
1024 1294 1201 1333 Ceterae
1238 1289 1430 1340 fabulae,
1475 1290 1521 1332 in

39 1379 194 1432 :quibus
225 1377 454 1428 exagitatur
484 1375 617 1422 Plato,
644 1377 740 1413 sunt
769 1369 1025 1424 Μέροπὶς
1055 1371 1166 1424 apud
1187 1370 1362 1423 Diogen.
1379 1370 1520 1413 Laert.

49 1459 111 1500 111
149 1459 219 1498 27.
284 1446 734 1506 Ὀλυμπιόδωρος
762 1452 862 1492 ibid.
894 1452 950 1492 28
991 1456 1034 1491 et
1062 1443 1390 1503 Παράσιτος
1418 1450 1521 1493 ibid.

51 1543 96 1578 et
123 1535 232 1589 apud
261 1533 413 1575 Athen.
443 1532 482 1573 X
510 1545 552 1584 p.
582 1532 664 1572 421
685 1531 710 1571 d
753 1536 795 1571 et
825 1531 884 1571 111
914 1545 956 1584 p.
987 1530 1071 1569 123
1088 1542 1126 1579 e,
1163 1529 1234 1569 ubi
1263 1542 1390 1582 quum
1419 1531 1525 1571 Ara-

52 1629 136 1664 ros,
157 1612 444 1665 Aristophanis
476 1611 601 1660 filius,
630 1610 829 1659 rideatur,
861 1610 984 1649 etiam
1014 1608 1096 1649 hoc
1125 1614 1370 1661 argumento
1399 1611 1526 1652 intel-

0 1737 2 1741 ,
55 1694 195 1747 ligitur
222 1704 366 1733 verum
396 1702 488 1729 esse
519 1689 630 1742 quod
659 1702 784 1741 supra
816 1689 868 1729 de
899 1693 1035 1730 aetate
1062 1687 1231 1727 fabulae
1264 1683 1528 1742 Παράσιτος

0 1921 2 1946 Ι

0 2239 7 2416 ἒ

56 1771 213 1813 monui.
279 1770 478 1810 Consulto
520 1769 639 1809 omisi
677 1763 948 1807 ΠΙίλκωνα
987 1767 1098 1821 apud
1133 1767 1396 1809 Athenaeum
1424 1769 1529 1813 VIII

56 1865 99 1906 p.
129 1850 275 1891 354d:
305 1845 419 1888 κατὰ
447 1843 526 1887 τὸν
547 1842 777 1898 Ἀλέξιδος
805 1843 1108 1897 -ΖὶΙίλκωνα,
1141 1843 1235 1899 ἐγώ,
1267 1843 1393 1902 φησί,
1426 1843 1531 1890 Κᾶν

57 1925 119 1984 μὴ
164 1925 364 1983 παραθῶ
411 1939 483 1967 σοι
526 1921 699 1981 θερμά,
745 1920 955 1979 τάγαθὸν
994 1921 1189 1965 Πλάτων
1236 1920 1533 1983 “Απανταχοῦ

59 2002 171 2063 φησ’
213 2002 399 2059 ἀγαθὸν
447 1994 583 2057 εἶναι,
641 2006 713 2046 ubi
750 2006 931 2047 dubitari
968 2009 1109 2060 potest
1154 2008 1295 2047 utrum
1343 2004 1533 2051 Μίλκων

61 2088 226 2129 fabulae
254 2088 308 2127 sit
337 2100 487 2127 nomen
516 2100 567 2127 an
597 2099 814 2139 personae.

175 2165 324 2205 Eidem
368 2166 493 2204 aetati
536 2165 714 2204 fortasse
752 2165 996 2217 assignanda
1032 2167 1096 2203 est
1139 2174 1262 2214 quam
1298 2163 1536 2210 Phaedri

66 2244 232 2286 nomine
258 2243 467 2295 inscripsit
493 2243 690 2292 fabulam,
719 2244 769 2283 ab
800 2243 1015 2284 Athenaeo
1044 2241 1101 2282 IV
1129 2254 1171 2293 p.
1201 2241 1287 2281 165
1306 2255 1330 2283 e
1361 2247 1403 2283 et
1431 2244 1537 2289 x111

3 2378 5 2387 Ι
69 2338 112 2376 p.
140 2323 264 2362 56222
309 2322 527 2362 laudatam.
592 2321 698 2361 Nam
737 2334 863 2374 quum
908 2323 951 2362 in
990 2322 1120 2360 altero
1158 2320 1308 2362 horum
1348 2323 1538 2368 locorum

72 2401 212 2443 Alexis
249 2400 458 2440 homiuem
497 2400 702 2451 quendam
740 2401 970 2450 induxerit,
1010 2401 1080 2452 qui
1120 2413 1166 2440 se
1202 2407 1447 2454 paupertate
1483 2405 1539 2447 ad

4 2507 6 2542 ἶ
75 2478 361 2533 philosophiae
405 2479 585 2520 studium
623 2480 845 2520 adductum
885 2493 976 2520 esse
1021 2480 1289 2530 confiteatur,
1327 2494 1538 2536 quumque

4 2556 7 2608 ᾗ
76 2558 289 2599 Phaedrus
307 2558 626 2611 Myrrhinusius,
657 2560 772 2600 cuius
802 2559 967 2600 nomine
985 2559 1103 2598 Plato
1119 2559 1421 2602 nobilissimum
1451 2563 1539 2605 dia.-

5 2662 10 2703 ¹.
78 2637 218 2691 logum
246 2638 474 2691 inscripsit,
512 2652 536 2679 a
563 2638 687 2692 Lysia
716 2652 876 2694 pauper
904 2652 954 2680 ex
984 2639 1110 2680 divite
1138 2638 1273 2681 factus
1305 2654 1397 2682 esse
1427 2642 1539 2684 dica·
