1702 3190
1568 0 1702 69 Ἥ

215 170 308 216 222
824 182 1038 212 esna-rma.

221 281 330 322 ultra
363 278 530 331 Olymp.
567 279 701 323 XCIX
744 279 903 325 fabulas
954 282 1140 323 docuisse
1176 297 1225 331 ex
1263 285 1354 326 loco
1392 284 1501 337 apud
1537 284 1664 326 Athe·

222 369 370 399 naeum
413 356 514 397 XIII
557 371 599 411 p.
634 358 769 408 592d,
814 361 884 399 ubi
933 361 1154 401 Isocratem
1193 375 1332 404 senem
1373 366 1543 414 propter
1590 363 1666 404 La-

222 436 362 487 giscae
408 448 566 475 amores
612 441 775 476 notasse
814 438 980 487 dicitur,
1025 439 1252 478 certissime
1295 440 1512 491 colligitur.
1579 440 1665 482 Cfr.

223 514 406 554 clintoni
435 514 545 553 Fast.
576 526 616 565 p.
649 515 730 554 103
760 516 830 555 Kr.
869 518 1027 556 Nomen
1058 518 1132 557 viri
1163 518 1311 569 passim
1342 518 1539 557 Stratis
1568 519 1667 557 scri-

221 596 337 645 ptum
374 591 602 643 reperitur,
641 591 694 630 de
724 605 802 643 quo
833 593 924 632 vide
955 607 1058 645 quae
1100 595 1287 633 dixerunt
1317 595 1366 634 Τ.
1396 595 1668 636 Hemsterhu·

222 671 308 711 sius
345 670 395 708 ad
433 669 542 709 Plut.
579 682 620 720 p.
659 669 753 709 165.
789 670 872 709 470
914 675 956 710 et
993 672 1402 723 Scliweighaeuserus
1447 674 1499 712 ad
1542 674 1667 713 Athe-

221 761 368 789 naeum
397 747 436 787 X
465 760 504 798 p.
534 746 617 784 415
638 759 672 785 c.
742 748 871 787 Unice
900 762 1036 789 veram
1066 750 1239 790 nominis
1268 751 1387 790 huius
1426 752 1691 802 scripturam'

221 839 314 866 esse
342 819 568 877 Στράττις,
598 824 718 863 docet
746 825 867 864 etiam
898 840 1038 866 versus
1067 828 1138 866 ille
1166 828 1455 867 Anacreontis:
1486 823 1566 866 τὸν
1594 826 1669 867 λυ-

220 899 402 958 ροποιὸν
430 897 607 954 ’ἡδόμην
634 896 852 955 Στράττιν
887 900 923 941 ἐι
951 899 1155 956 κομήσὲι,
1194 906 1301 957 apud
1336 906 1562 957 Hephaest.
1592 902 1670 948 XV

219 995 262 1036 p.
293 983 360 1022 96.
419 980 506 1021 Cfr.
536 980 715 1032 Etymol.
746 981 805 1021 M.
836 995 877 1033 p.
907 982 989 1022 730
1019 984 1073 1022 38
1101 975 1246 1037 ὥσπερ
1275 979 1394 1037 παρὰ
1423 979 1478 1022 τὰ
1498 979 1669 1036 Βάκχος

217 1057 386 1112 γίνεται
414 1053 579 1111 Βάκχις
612 1060 697 1108 ²⁷),
739 1054 908 1111 Κρόνος
939 1055 1108 1113 Κρόνις,
1139 1059 1284 1111 Δῆμος
1312 1059 1449 1113 Δῆμις
1477 1061 1552 1101 καὶ
1583 1058 1668 1101 Ao?-

217 1151 304 1191 μις,
333 1129 445 1175 οὕτω
473 1133 658 1190 στρατὸς
687 1131 874 1190 Στράτις
901 1135 975 1175 καὶ
1004 1134 1262 1193 πλεονασμῷ
1291 1136 1370 1178 τοῦ
1390 1137 1418 1178 ἶ
1437 1134 1664 1193 Στράττιςι

219 1216 303 1256 Ubi
332 1228 406 1267 pro
437 1209 608 1269 Κρόνος
638 1209 800 1267 Κρόνις
830 1215 1050 1266 legendum
1089 1216 1250 1259 videtur
1287 1213 1458 1266 Κόννος
1487 1214 1662 1266 Κόννις,

219 1307 299 1346 quo
330 1293 492 1332 nomine
522 1294 708 1332 novimus
741 1293 1010 1332 fabulatorem
1042 1294 1210 1333 Cilicem
1249 1297 1355 1348 apud
1385 1297 1598 1336 Tlieonem
1625 1296 1666 1337 in

217 1372 364 1414 Walzii
404 1372 526 1411 Rhct.
563 1372 643 1411 vol.
675 1372 692 1410 Ι
733 1384 772 1422 p.
804 1371 899 1410 173.
966 1371 1075 1410 Hinc
1112 1378 1297 1424 apertum
1335 1379 1398 1414 est
1434 1379 1548 1414 recte
1583 1374 1667 1427 legi
1697 1395 1699 1398 ·

218 1450 327 1502 apud
356 1450 632 1501 Hesycffium,
664 1444 849 1494 Κόννιςε
888 1442 1077 1496 αὐλητὴς
1105 1447 1260 1488 πινίαν
1289 1447 1395 1504 ἔχων
1423 1448 1577 1506 καίπερ
1604 1446 1666 1491 ιῦν

218 1522 420 1580 ἄριστος,·
442 1541 517 1579 pro
549 1540 629 1579 quo
659 1522 830 1573 Κόννος
858 1528 924 1566 vel
946 1525 1120 1575 Κοννᾶς
1147 1530 1270 1568 scribi
1299 1531 1452 1571 volunt.
1496 1526 1666 1578 Κόννος

217 1601 382 1652 Κόννις
413 1603 588 1652 Κοννᾶς
619 1606 801 1645 eiusdem
833 1604 1004 1644 nominis
1034 1606 1218 1646 diversae
1246 1607 1404 1647 formae
1433 1611 1542 1647 sunt.
1573 1609 1667 1648 Me-

216 1685 368 1726 diocris
397 1685 542 1725 iudicii
572 1688 734 1736 poetam
767 1684 938 1723 Strattin
966 1683 1117 1733 fuisse,
1147 1685 1258 1726 haud
1287 1687 1460 1726 obscure
1489 1687 1664 1737 indicat,

216 1764 328 1817 quod
353 1764 503 1803 Oreste
520 1762 728 1814 Euripidis
757 1763 940 1814 impense
970 1762 1194 1802 delectatus
1225 1768 1300 1813 est,
1330 1769 1375 1804 ut
1405 1765 1524 1804 docet
1550 1766 1684 1807 locus*

215 1843 325 1897 apud
341 1842 481 1883 Schol.
512 1842 649 1881 Orest.
671 1841 767 1881 278.
825 1840 1014 1892 Frigidos
1045 1844 1086 1879 et
1115 1841 1276 1893 ineptos
1305 1843 1521 1883 verborum
1549 1843 1686 1899 lusus⁴

213 1921 348 1962 fuisse
377 1921 445 1973 qui
475 1920 514 1959 ei
543 1920 789 1968 obiicerem,
823 1918 991 1970 colligas
1029 1931 1078 1957 ex
1107 1919 1315 1971 Hesychio
1354 1933 1386 1960 s.
1417 1933 1456 1961 v.
1485 1903 1692 1980 nonnose-{³

214 2011 294 2048 νοι,
327 2000 397 2039 ubi
426 1999 614 2040 laudatur
631 1991 843 2050 Στράττις
871 1994 916 2034 ἐν
946 1992 1004 2050 τῷ
1032 1994 1221 2051 φορτικῷ
1250 1992 1453 2050 δράματι,
1483 2012 1563 2052 quo
1595 1974 1686 2052 (li-f}

213 2080 346 2121 nestas
385 2077 524 2117 fabula
561 2076 780 2128 significari
818 2075 993 2115 videtur.
1063 2076 1292 2115 casauboni
1333 2077 1441 2117 enim
1480 2079 1688 2133 errorem}

212 2157 297 2208 (ad
323 2156 581 2197 Athenaeum
618 2154 719 2196 VIII
756 2167 797 2205 p.
827 2153 998 2203 327e)‚
1035 2153 1104 2205 qui
1141 2166 1190 2192 ex
1226 2154 1315 2205 ipsa
1352 2154 1426 2194 illa
1464 2147 1702 2227 Hesychit‘*

212 2235 349 2288 glossa
383 2227 596 2287 Φορτικός
625 2232 861 2274 comoediae
888 2231 1052 2270 titulum
1080 2230 1208 2271 fuisse
1238 2233 1417 2285 putabat,
1445 2235 1570 2274 verbo
1598 2225 1702 2278 τού
1699 2268 1702 2302 l

211 2313 353 2366 tigisse
382 2312 574 2352 sufficiat.
616 2312 761 2353 Paullo
792 2311 951 2351 diversa
979 2309 1261 2362 interpretatio
1289 2310 1441 2362 placuit
1455 2304 1702 2354 Lobeckidtst
1697 2334 1702 2354 l

211 2390 417 2444 Aglaoph.
446 2391 618 2444 p.1326
647 2391 716 2443 qui
747 2384 956 2443 φορτικὸν
985 2385 1133 2442 δρᾶμα
1162 2388 1214 2428 de
1245 2389 1447 2430 obscaeno
1479 2383 1698 2497 ἀπαηιαῐῖ,

222 2556 224 2559 ‚
272 2579 345 2630 ²⁷)
374 2573 538 2631 Βάκχις
575 2581 661 2621 sive
688 2573 850 2633 Βὺκχις
888 2584 1030 2621 notum
1064 2592 1214 2620 nomen
1255 2592 1306 2620 ex
1340 2579 1493 2621 Alcaeo
1529 2579 1657 2632 lyrico
1681 2594 1702 2628 ιι

321 2635 430 2686 apud
459 2637 714 2678 Athenaeum
742 2636 782 2677 X
809 2649 851 2690 p.
879 2637 963 2678 43⁰
979 2650 1019 2687 c,
1051 2635 1124 2676 ubi
1156 2636 1290 2677 minus
1328 2641 1442 2678 recte
1470 2627 1692 2755 scribunt-*J

320 2702 361 2729 ω
383 2687 538 2744 Βυκχί.
