1702 3190
202 145 287 196 Μ
838 137 1001 186 nuxis.

375 248 507 293 Τοῦτ’
539 248 659 294 ἔστιν
681 247 951 307 ΪΑκαδήμια,
980 252 1109 295 τοῦτο
1138 249 1415 310 Ξενοκράτης.

371 325 501 371 πόλλ’
532 326 692 383 ἀγαθὰ
719 329 836 371 δοῖεν
864 332 906 372 οἱ
934 331 1039 373 θεοὶ
1070 329 1298 388 Δημητρίῳ

369 408 446 462 καὶ
474 408 562 458 τοῖς
591 411 867 462 νομοθέταις,
899 406 1013 450 διότι
1041 407 1140 458 τοὺς
1166 407 1242 458 τὰς
1270 407 1355 449 τῶν
1385 403 1524 462 λόγων

365 479 425 535 ὥς
454 500 570 542 φασι
597 485 800 543 δυνάμεις
828 482 1151 544 παραδιδόντας
1179 487 1268 534 τοῖς
1291 485 1400 534 νέοις

369 562 413 614 ἐς
439 560 625 619 κόρακας
654 563 789 622 ἔρρειν
818 567 958 622 φασὶν
985 564 1029 606 ἐκ
1059 564 1133 616 τῆς
1157 560 1376 614 Ἀττικῆς.

200 642 434 684 Demetrius
463 644 690 685 Phalereus
728 648 998 699 principatum
1027 645 1199 686 Athenis
1236 644 1367 684 tenuit
1403 642 1452 682 ab
1484 642 1646 693 Olymp-

201 721 311 770 CXV
341 723 381 772 3,
417 724 639 775 pulsusque
669 730 732 765 est
759 739 782 765 a
814 724 1018 764 Demetrio
1049 723 1278 762 Poliorceta
1309 722 1373 761 01.
1404 719 1575 761 CXVIII
1606 719 1647 768 1,

199 798 452 841 Xenocrates
493 805 629 840 autem
669 803 769 841 obiit
805 803 967 854 Olymp.
1005 801 1135 842 CXVI
1175 802 1214 848 2,
1253 813 1302 839 ex
1340 811 1419 851 quo
1459 802 1646 850 apertum

200 881 278 925 est,
308 877 573 926 Demetrium,
604 890 724 929 quem
754 878 891 919 Alexis
921 881 1232 926 commemorat,
1263 891 1353 927 esse
1384 876 1647 925 Phalereum,

199 957 243 995 et
271 954 489 1006 Sophoclis
518 955 729 995 Suniensis
766 956 901 1007 legem
943 955 994 994 de
1034 954 1271 994 coercendis
1309 952 1647 1006 philosophorum

198 1031 351 1072 scholis
381 1059 437 1066 -
466 1034 547 1073 vid.
579 1034 752 1073 Meursii
784 1034 896 1072 Fort.
929 1033 1011 1072 Att.
1041 1045 1082 1083 p.
1114 1032 1181 1079 19,
1213 1031 1336 1069 lonsii
1365 1031 1513 1082 Script.
1545 1029 1645 1069 Phi-

197 1109 274 1150 los.
304 1110 323 1150 1
352 1111 406 1150 17
434 1110 461 1150 4
499 1116 541 1150 et
571 1111 748 1153 Clintoni
778 1111 888 1150 Fast.
921 1110 1086 1149 Hellen.
1118 1122 1157 1160 p.
1191 1109 1264 1148 181
1307 1132 1365 1141 —-
1399 1107 1522 1148 latam
1553 1120 1645 1159 esse

195 1187 279 1228 fine
309 1187 473 1240 Olymp.
502 1190 613 1230 CXV
642 1189 707 1229 vel
735 1189 902 1228 ineunte
934 1188 1094 1240 Olymp.
1127 1187 1272 1227 CXVI.
1336 1184 1483 1240 Eidem
1520 1185 1647 1238 igitur

195 1266 371 1318 tempori
409 1266 530 1306 etiam
569 1280 683 1316 eam,
723 1267 775 1306 de
804 1279 882 1318 qua
911 1267 1090 1318 agimus,
1120 1264 1297 1303 fabulam
1327 1264 1643 1319 adsignabimus.
1695 1284 1696 1287 ¹

196 1340 278 1383 Pro
311 1334 471 1390 ζἸππος
503 1347 637 1384 autem
669 1345 951 1397 reponendum
982 1344 1142 1383 videtur
1177 1336 1377 1390 Ἱππεύς,
1414 1345 1459 1381 ut
1493 1342 1644 1394 legitur

195 1420 305 1472 apud
342 1421 490 1462 Athen.
524 1422 583 1462 XI
618 1435 659 1475 p.
690 1424 809 1463 4710,
847 1426 888 1462 et
924 1434 965 1473 Ρ.
995 1420 1073 1459 481
1092 1419 1122 1459 f.
1195 1419 1356 1458 Monuit
1401 1418 1480 1458 hoc
1521 1420 1645 1459 etiam
1688 1472 1690 1474 q

194 1497 626 1551 SchweigllaeuseruS‚
658 1501 734 1539 nisi
763 1499 872 1551 quod
901 1501 1079 1538 incertus
1101 1497 1244 1535 haeret
1270 1497 1377 1535 inter
1402 1493 1578 1544 Ἵππεὺς
1600 1502 1643 1538 et

190 1570 432 1623 Ἱππίσκος.
498 1577 581 1616 Sed
617 1578 737 1617 huius
767 1578 929 1629 quidem
959 1575 1123 1615 fabulae
1151 1575 1288 1624 titulo,
1331 1578 1377 1614 ut
1409 1575 1490 1614 iam
1519 1588 1649 1629 supra.

192 1667 235 1709 Ρ.
264 1656 347 1695 387
376 1656 528 1704 monui,
558 1656 694 1694 nullus
723 1655 790 1694 hic
818 1656 933 1694 locus
967 1658 1041 1694 est.

303 1733 496 1785 Sequitur
526 1730 578 1770 Π
584 1727 677 1786 ύρα
690 1743 831 1780 υνος,
867 1733 909 1773 in
939 1733 1052 1772 cuius
1082 1730 1245 1770 fabulae
1274 1728 1503 1783 fragmento
1533 1729 1642 1782 apud

193 1812 346 1853 Athen.
363 1812 463 1851 XIII
494 1824 534 1862 p.
565 1811 685 1850 5901,
717 1816 876 1851 servato
901 1824 991 1851 cum
1023 1810 1185 1849 Seleuci
1211 1808 1320 1860 regis
1351 1809 1503 1848 mentio
1532 1808 1645 1849 facta

192 1890 259 1944 sit,
289 1895 400 1928 recte
431 1889 644 1929 Clintonus
675 1891 786 1930 Fast.
817 1890 981 1929 Hellen.
1013 1902 1052 1939 p.
1072 1888 1150 1926 173
1209 1881 1447 1939 Πύραυνον
1476 1887 1640 1927 circiter

193 1968 354 2020 Olymp.
371 1967 523 2008 CXVII
554 1968 745 2019 scriptam
774 1968 928 2008 statuit.
986 1966 1135 2007 Cetera
1162 1964 1390 2016 fragmenta
1419 1967 1512 2003 sunt
1539 1963 1639 2004 ibid.
1672 1978 1690 2024 ss'

190 2044 250 2086 Vl
287 2057 328 2096 Ρ.
358 2044 492 2092 244d,
529 2045 600 2083 ubi
638 2058 729 2084 cum
765 2046 883 2085 codd.
931 2044 996 2083 vel
1035 2037 1211 2098 παρύιω
1248 2043 1314 2081 vel
1353 2038 1530 2094 παρυνῷ
1565 2040 1695 2102 lia-3

190 2121 337 2171 beant,
373 2123 442 2161 alii
470 2118 703 2178 Παροίνῳ,
743 2123 978 2162 Dindorfius
1014 2125 1158 2171 autem
1179 2119 1389 2159 verissime
1417 2111 1645 2175 Πυραύνω
1675 2115 1682 2151 s

191 2200 387 2249 correxit.
447 2199 576 2240 Porro
606 2201 704 2242 ibid.
734 2201 792 2244 VI
821 2214 862 2254 Ρ.
891 2199 1011 2240 2581»
1043 2202 1084 2238 et
1097 2197 1195 2238 XIV
1223 2210 1264 2253 p.
1294 2196 1422 2244 663f‚
1452 2197 1523 2237 ubi
1547 2195 1693 2262 ‘⁵9th

193 2279 227 2319 Β
257 2279 380 2319 habet
407 2270 613 2333 τυράννω
672 2278 836 2321 Titulus
865 2277 1028 2317 fabulae
1056 2269 1290 2329 Πύραυνος
1318 2274 1444 2317 fuerit
1472 2289 1522 2318 au
1535 2268 1677 2329 Ili-w

190 2366 371 2411 ραυνον,
410 2356 588 2399 dubitari
622 2343 769 2409 potest.
839 2356 945 2396 Illud
974 2355 1099 2397 habet
1130 2354 1274 2397 Pollux
1306 2354 1452 2397 Onom.
1482 2354 1538 2398 VI
1567 2355 1636 2403 88,
1657 2375 1675 2409 3·-

191 2433 243 2474 de
270 2434 399 2473 altero
430 2435 510 2474 vid.
540 2435 651 2475 idem
679 2435 717 2476 X
749 2435 831 2475 104
862 2439 904 2473 et
931 2431 1404 2489 interpretes-Hesychii
1430 2444 1462 2490 s.
1487 2445 1525 2472 v.
1554 2424 1669 2491 mimi

189 2522 363 2569 ρᾳυνον.
430 2513 627 2555 Eiusdem
666 2514 775 2557 tituli
810 2513 991 2554 fabulam
1036 2509 1198 2562 scripsit
1236 2510 1485 2563 Aristophon
1528 2509 1667 2567 apudg„

189 2577 403 2653 l’oIlucem
432 2590 489 2631 IX
517 2593 585 2641 70,
615 2593 793 2639 fortasse
821 2591 943 2633 etiam
973 2588 1224 2648 Antiphanes
1252 2587 1375 2641 apud
1385 2569 1702 2652 Stephanw

191 2668 293 2723 Byz.
324 2681 357 2711 s.
387 2681 427 2710 v
454 2662 653 2725 Πάρνης,
680 2670 732 2711 de
762 2683 842 2726 quo
870 2669 963 2711 vide
990 2679 1113 2725 supra
1132 2679 1182 2720 Ρ.
1212 2666 1280 2715 δῖ.
1575 2668 1664 2724 “Q
1696 2666 1702 2717 ,ὲ
