1702 3190
219 170 274 210 64
857 174 1022 203 curm.

217 278 296 319 hae
325 273 669 328 quattuol-decime
700 269 904 319 Γείτονες,
933 264 1151 321 Διόνυσος,
1174 263 1364 323 ’ἸΙρώες,
1385 268 1538 326 ewice,
1563 270 1661 324 ,Θη-

219 349 399 406 σαυρός,
436 346 611 402 Λάμια,
647 348 879 399 Μέτοικοι,
911 344 1148 402 “Ὀρνιθὲς,
1193 345 1404 398 Παιδιαί,
1448 348 1662 403 Πεδῆται,

214 425 426 483 ἰΡὴτορκς,
455 424 629 480 Σάμιοι,
664 423 845 478 Τόλμαι,
885 422 1169 481 Φιλάργυρος.
1226 427 1290 466 Ex
1318 427 1382 465 his
1413 428 1447 466 si
1476 412 1668 479 dempsess

216 509 272 548 ris
301 519 470 558 quarum
499 506 599 544 nihil
628 506 950 556 fragmentorum
980 508 1188 555 superest,
1220 504 1474 542 Thesaurum
1506 504 1661 543 Philar-

216 597 361 638 gyrum
389 586 496 624 Aves
527 586 567 622 et
596 583 783 628 Pedetas‚
813 594 958 620 novem
987 585 1143 620 restant
1171 580 1398 619 fabularum
1427 580 1547 618 tituli.
1602 581 1663 620 Ac

217 663 455 704 Thesaurus
484 663 526 699 et
555 659 820 709 Philargyrus
857 671 938 697 non
967 659 1156 698 videntur
1183 658 1357 708 scriptae
1387 669 1478 696 esse
1512 658 1561 696 ab
1592 668 1662 699 an,-

215 741 352 790 tiquae
389 741 512 789 poeta
550 734 798 775 comoediae.
855 735 1067 785 Frequens
1104 736 1147 773 id
1185 734 1414 772 fabularum
1454 744 1582 785 genus
1617 733 1661 773 in

214 816 361 862 media,
389 813 645 864 frequentius
672 812 714 850 in
743 824 846 850 nova
876 812 1098 851 comoedia.
1158 812 1415 851 Thesaurum
1435 811 1661 851 docuerunt

213 891 519 934 Anaxandrides
548 888 800 930 Archedicus
821 888 1051 928 Menander
1076 888 1299 940 Dioxippus
1329 887 1532 938 Diphilus,
1562 887 1660 926 Phi-

213 969 419 1020 largyrum
449 967 670 1017 Dioxippus
701 965 955 1015 Philippides
979 965 1250 1017 Theophilus.
1318 965 1431 1004 Nihil
1461 964 1659 1005 eiusmodi

211 1046 254 1087 in
284 1047 446 1096 antiqua
473 1043 681 1082 comoedia
709 1041 904 1091 reperias.
963 1042 1050 1080 Nec
1079 1043 1206 1093 magis
1236 1042 1288 1080 de
1315 1036 1536 1088 Πεδήταις
1566 1043 1665 1081 Sui.

213 1123 289 1161 dae
315 1122 440 1160 fidem
475 1119 629 1166 habeo,
671 1130 773 1168 quae
810 1117 888 1155 suit
922 1118 1073 1156 Calliae
1101 1119 1252 1158 fabula.
1318 1119 1426 1158 Aves
1455 1119 1658 1169 Magnetis

210 1197 340 1236 fuisse
374 1197 535 1235 videtur
573 1194 781 1234 comoedia
821 1207 844 1232 a
874 1194 1039 1233 Cratete
1069 1196 1143 1234 sub
1174 1195 1366 1252 incudem
1395 1198 1583 1234 revocata
1614 1198 1656 1233 et

210 1275 326 1314 novis
357 1273 463 1311 curis
494 1272 728 1318 emendata,
765 1271 807 1309 id
845 1271 952 1322 quod
992 1272 1113 1323 etiam
1150 1271 1201 1310 de
1230 1272 1408 1323 Dionyso
1439 1272 1655 1312 dicendum

210 1355 287 1399 est,
317 1351 368 1389 de
398 1362 475 1401 qua
505 1349 597 1387 vide
627 1360 730 1398 quae
760 1360 882 1399 supra
912 1349 1098 1387 diximus.
1163 1346 1374 1387 Me'zomm
1402 1350 1577 1400 denique
1605 1350 1655 1388 ab

207 1441 290 1468 uno
321 1428 483 1466 laudata
512 1425 691 1477 Etymol.
720 1426 780 1464 M.
816 1438 856 1476 p.
887 1426 983 1472 698,
1014 1426 1068 1463 10
1100 1426 1251 1466 rectius
1281 1427 1519 1466 Pherecrati
1556 1425 1655 1467 assi-

208 1506 324 1557 gnari
353 1504 514 1543 videtur
551 1503 600 1541 ab
631 1502 846 1554 Apollonio
873 1501 996 1540 Pron.
1032 1514 1074 1553 p.
1104 1501 1188 1540 404
1216 1504 1263 1543 B.
1328 1504 1393 1543 lta.
1424 1504 1546 1555 igitur
1583 1503 1653 1554 qui

206 1582 303 1626 satis
332 1592 500 1631 magnus
530 1592 620 1618 esse
647 1579 861 1618 videbatur
876 1579 1079 1630 Magnetis
1107 1578 1335 1619 fabularum
1365 1592 1568 1628 numerus,
1601 1579 1652 1619 ad

206 1661 299 1700 octo
328 1658 468 1696 titulos
497 1660 709 1695 revocatus
740 1659 814 1704 est,
845 1659 943 1706 quot
973 1667 1066 1694 eum
1088 1656 1317 1695 comoedias
1347 1658 1560 1708 scripsisse
1587 1662 1653 1696 te-

206 1737 336 1774 statur
372 1735 623 1784 Anonymus.
695 1732 945 1771 Indubitatas
982 1733 1108 1784 igitur
1146 1738 1187 1771 et
1223 1746 1392 1784 quarum
1425 1734 1652 1786 fragmenta.

204 1815 362 1851 servata
391 1814 484 1848 suut
511 1809 670 1848 fabulas
698 1809 895 1849 habemus
931 1810 1074 1848 hasce:
1113 1807 1158 1848 Γ
1154 1805 1349 1857 εἰτονες
1388 1811 1495 1863 apud
1521 1811 1650 1851 Athe-
1701 1848 1702 1854 ,

202 1901 350 1929 naeum
380 1887 438 1926 IX
465 1900 505 1938 p.
530 1887 612 1924 396
633 1886 658 1924 d
687 1886 776 1934 XV,
806 1887 886 1924 690
906 1886 944 1935 d,
976 1886 1238 1936 Polluc.VII‚
1268 1888 1458 1928 179.204
1487 1889 1537 1936 X,
1552 1889 1648 1939 118,
1699 1935 1702 1938 Α

202 1965 396 2004 Photium
419 1964 517 2002 Lex,
547 1976 588 2015 p.
617 1963 712 2011 633,
741 1965 796 2002 28
826 1968 867 2002 et
895 1964 1199 2015 grammaticum
1227 1966 1269 2004 in
1297 1966 1473 2005 Bekkeri
1493 1965 1647 2005 Anecd.

201 2054 242 2092 p.
274 2041 368 2088 144,
398 2042 453 2080 27
503 2041 574 2079 ubi
619 2053 694 2092 pro
731 2038 948 2092 Κρατῖνος
987 2041 1145 2092 corrige
1182 2030 1373 2093 Κράτης.
1433 2035 1653 2095 “ἸΙρωες,

200 2118 311 2170 apud
339 2121 548 2158 auctorem
578 2118 773 2157 Proverb.
803 2118 962 2156 Bodlei.
978 2117 1060 2156 715
1091 2122 1133 2156 et
1163 2118 1411 2170 Hesychium
1441 2119 1479 2158 11
1507 2133 1547 2171 p.
1563 2121 1647 2160 808

199 2195 270 2234 ubi
298 2195 557 2234 scribendum
585 2196 746 2234 videtur
774 2188 860 2232 Οὐκ
889 2189 1024 2249 ἀσκίῳ
1051 2188 1228 2247 μεντᾶρ’
1258 2191 1592 2248 ἑμορμολύττετε
1624 2196 1638 2252 l

198 2265 379 2320 αὐτούς,
417 2268 510 2309 ἐπεὶ
537 2266 642 2309 τάδ’
673 2266 765 2310 ἔστ’
796 2266 968 2319 ἀληθῆ.
995 2315 997 2317 ,
1033 2272 1162 2311 Porro
1198 2273 1305 2324 apud
1341 2274 1509 2314 Suidam
1543 2285 1577 2314 s.
1605 2286 1653 2315 v.
1700 2279 1702 2282 ⁴

199 2341 365 2395 ἇνεκάς,
393 2348 463 2387 ubi
491 2361 567 2409 pro
597 2349 761 2387 Cratete
779 2348 931 2387 Cratini
959 2361 1106 2389 nomen
1134 2350 1415 2401 reponendum
1445 2364 1536 2391 esse
1563 2351 1641 2390 alio
1700 2375 1702 2378 -

198 2424 290 2464 loco
318 2425 505 2472 indicavi,
534 2425 754 2464 Grammat.
781 2426 959 2464 Bekkeri
986 2425 1141 2465 Anecd.
1170 2439 1211 2476 p.
1241 2427 1335 2474 352,
1364 2428 1391 2465 2
1420 2427 1486 2465 cll.
1516 2427 1641 2467 Suida

1694 2046 1702 2115 ἰ

1697 2118 1699 2142 l

1692 2149 1699 2196 l

1690 2206 1698 2256 ι’

1690 2284 1702 2343 4

1689 2364 1694 2411 4

1687 2455 1692 2499 a

198 2513 240 2541 s.-
265 2513 305 2540 v.
341 2495 534 2554 ἀθάρην.
604 2502 789 2553 Denique
832 2503 939 2554 apud
968 2503 1126 2543 Polluc.
1157 2503 1230 2549 111,
1261 2502 1342 2540 155
1386 2502 1437 2551 X,
1468 2504 1523 2542 90
1551 2503 1638 2554 (cll.
1688 2503 1691 2542 ἕ

197 2575 348 2618 Photio
376 2577 476 2616 Lex.
505 2591 546 2629 p.
575 2579 670 2627 324,
694 2580 768 2630 17)
798 2583 839 2618 et
866 2579 930 2638 X,⁴
948 2579 1042 2619 175.
1102 2573 1293 2630 Θηρίοι,
1322 2579 1364 2618 in
1395 2591 1473 2630 qua
1500 2579 1651 2625 fabula.

197 2653 307 2706 ipsas
331 2652 440 2694 feras
477 2665 570 2694 cum
597 2655 829 2697 hominibus
858 2657 1136 2707 colloquentes
1164 2655 1329 2706 induxit*
1347 2661 1492 2708 poeta,
1528 2657 1636 2709 apud
1680 2644 1687 2720 *f

1672 3002 1693 3190 m*⁴‘*‘⁴-I-
