<?xml version="1.0" encoding="UTF-8"?>
<!DOCTYPE html PUBLIC "-//W3C//DTD XHTML 1.0 Transitional//EN"
    "http://www.w3.org/TR/xhtml1/DTD/xhtml1-transitional.dtd">
<html xmlns="http://www.w3.org/1999/xhtml" xml:lang="en" lang="en">
 <head>
  <title>
</title>
<meta http-equiv="Content-Type" content="text/html;charset=utf-8" />
  <meta name='ocr-system' content='tesseract 3.04.00' />
  <meta name='ocr-capabilities' content='ocr_page ocr_carea ocr_par ocr_line ocrx_word'/>
</head>
<body>
  <div class='ocr_page' id='page_1' title='image "./fragmentacomicor01meinuoft_0065.png"; bbox 0 0 1702 3190; ppageno 0'>
   <div class='ocr_carea' id='block_1_1' title="bbox 444 138 1534 190">
    <p class='ocr_par' dir='ltr' id='par_1_1' title="bbox 444 138 1534 190">
     <span class='ocr_line' id='line_1_1' title="bbox 444 138 1534 190; baseline -0.006 -5"><span class='ocrx_word' id='word_1_1' title='bbox 444 156 618 186; x_wconf 65' lang='lat' dir='ltr'><strong>rucuma</strong></span> <span class='ocrx_word' id='word_1_2' title='bbox 646 154 863 184; x_wconf 71' lang='lat' dir='ltr'><strong>coancira.</strong></span> <span class='ocrx_word' id='word_1_3' title='bbox 920 152 1138 184; x_wconf 66' lang='lat' dir='ltr'><strong>cunnus.</strong></span> <span class='ocrx_word' id='word_1_4' title='bbox 1474 138 1534 190; x_wconf 59' lang='grc' dir='ltr'><strong>ῳ</strong></span> 
     </span>
    </p>
   </div>
   <div class='ocr_carea' id='block_1_2' title="bbox 0 251 1600 2767">
    <p class='ocr_par' dir='ltr' id='par_1_2' title="bbox 0 251 1600 1182">
     <span class='ocr_line' id='line_1_2' title="bbox 53 251 1539 311; baseline -0.007 -8"><span class='ocrx_word' id='word_1_5' title='bbox 53 260 281 311; x_wconf 83' lang='lat' dir='ltr'><strong>comoedia,</strong></span> <span class='ocrx_word' id='word_1_6' title='bbox 309 258 463 300; x_wconf 77' lang='lat' dir='ltr'><strong>invidia</strong></span> <span class='ocrx_word' id='word_1_7' title='bbox 491 260 612 299; x_wconf 84' lang='lat' dir='ltr'><strong>vetus</strong></span> <span class='ocrx_word' id='word_1_8' title='bbox 642 255 884 298; x_wconf 87' lang='lat' dir='ltr'><strong>comoediae</strong></span> <span class='ocrx_word' id='word_1_9' title='bbox 912 253 1080 295; x_wconf 84' lang='lat' dir='ltr'><strong>licentia</strong></span> <span class='ocrx_word' id='word_1_10' title='bbox 1100 252 1342 307; x_wconf 81' lang='lat' dir='ltr'><strong>gravissime</strong></span> <span class='ocrx_word' id='word_1_11' title='bbox 1370 251 1539 307; x_wconf 57' lang='lat' dir='ltr'><strong>afflige,-</strong></span> 
     </span>
     <span class='ocr_line' id='line_1_3' title="bbox 56 332 1536 388; baseline -0.009 -5"><span class='ocrx_word' id='word_1_12' title='bbox 56 346 174 384; x_wconf 85' lang='lat' dir='ltr'><strong>retnr</strong></span> <span class='ocrx_word' id='word_1_13' title='bbox 210 344 252 382; x_wconf 89' lang='lat' dir='ltr'><strong>et</strong></span> <span class='ocrx_word' id='word_1_14' title='bbox 288 338 455 380; x_wconf 88' lang='lat' dir='ltr'><strong>chorica</strong></span> <span class='ocrx_word' id='word_1_15' title='bbox 493 336 673 378; x_wconf 86' lang='lat' dir='ltr'><strong>carmina</strong></span> <span class='ocrx_word' id='word_1_16' title='bbox 709 334 802 376; x_wconf 88' lang='lat' dir='ltr'><strong>fere</strong></span> <span class='ocrx_word' id='word_1_17' title='bbox 828 347 1000 388; x_wconf 70' lang='lat' dir='ltr'><strong>prorsu-</strong></span> <span class='ocrx_word' id='word_1_18' title='bbox 1028 333 1381 375; x_wconf 85' lang='lat' dir='ltr'><strong>obmutescerent.</strong></span> <span class='ocrx_word' id='word_1_19' title='bbox 1436 332 1536 374; x_wconf 64' lang='lat' dir='ltr'><strong>Mu-</strong></span> 
     </span>
     <span class='ocr_line' id='line_1_4' title="bbox 58 411 1536 473; baseline -0.005 -12"><span class='ocrx_word' id='word_1_20' title='bbox 58 424 144 462; x_wconf 80' lang='lat' dir='ltr'><strong>tata</strong></span> <span class='ocrx_word' id='word_1_21' title='bbox 171 419 298 473; x_wconf 84' lang='lat' dir='ltr'><strong>igitur</strong></span> <span class='ocrx_word' id='word_1_22' title='bbox 326 430 467 459; x_wconf 87' lang='lat' dir='ltr'><strong>rerum</strong></span> <span class='ocrx_word' id='word_1_23' title='bbox 490 416 733 458; x_wconf 87' lang='lat' dir='ltr'><strong>condicione</strong></span> <span class='ocrx_word' id='word_1_24' title='bbox 761 427 844 455; x_wconf 88' lang='lat' dir='ltr'><strong>non</strong></span> <span class='ocrx_word' id='word_1_25' title='bbox 874 415 1023 455; x_wconf 90' lang='lat' dir='ltr'><strong>mirum</strong></span> <span class='ocrx_word' id='word_1_26' title='bbox 1053 415 1118 451; x_wconf 87' lang='lat' dir='ltr'><strong>est</strong></span> <span class='ocrx_word' id='word_1_27' title='bbox 1148 411 1274 451; x_wconf 87' lang='lat' dir='ltr'><strong>etiam</strong></span> <span class='ocrx_word' id='word_1_28' title='bbox 1303 411 1536 464; x_wconf 80' lang='lat' dir='ltr'><strong>parabasim</strong></span> 
     </span>
     <span class='ocr_line' id='line_1_5' title="bbox 56 475 1600 549; baseline -0.006 -9"><span class='ocrx_word' id='word_1_29' title='bbox 56 500 174 541; x_wconf 86' lang='lat' dir='ltr'><strong>cuius</strong></span> <span class='ocrx_word' id='word_1_30' title='bbox 208 499 250 539; x_wconf 90' lang='lat' dir='ltr'><strong>in</strong></span> <span class='ocrx_word' id='word_1_31' title='bbox 290 497 458 549; x_wconf 81' lang='lat' dir='ltr'><strong>antiqua</strong></span> <span class='ocrx_word' id='word_1_32' title='bbox 499 475 716 536; x_wconf 83' lang='lat' dir='ltr'><strong>comoedia</strong></span> <span class='ocrx_word' id='word_1_33' title='bbox 752 494 835 534; x_wconf 89' lang='lat' dir='ltr'><strong>vim</strong></span> <span class='ocrx_word' id='word_1_34' title='bbox 873 494 1031 547; x_wconf 85' lang='lat' dir='ltr'><strong>optime</strong></span> <span class='ocrx_word' id='word_1_35' title='bbox 1068 490 1293 531; x_wconf 69' lang='lat' dir='ltr'><strong>declaravit</strong></span> <span class='ocrx_word' id='word_1_36' title='bbox 1321 490 1538 534; x_wconf 81' lang='lat' dir='ltr'><strong>Platonius</strong></span> <span class='ocrx_word' id='word_1_37' title='bbox 1596 492 1600 503; x_wconf 78' lang='lat'>¹</span> 
     </span>
     <span class='ocr_line' id='line_1_6' title="bbox 59 571 1539 629; baseline -0.006 -9"><span class='ocrx_word' id='word_1_38' title='bbox 59 579 112 620; x_wconf 87' lang='lat' dir='ltr'><strong>de</strong></span> <span class='ocrx_word' id='word_1_39' title='bbox 142 580 259 619; x_wconf 90' lang='lat' dir='ltr'><strong>Com.</strong></span> <span class='ocrx_word' id='word_1_40' title='bbox 299 577 328 617; x_wconf 91' lang='lat' dir='ltr'><strong>l.</strong></span> <span class='ocrx_word' id='word_1_41' title='bbox 359 576 388 617; x_wconf 90' lang='lat' dir='ltr'><strong>l.</strong></span> <span class='ocrx_word' id='word_1_42' title='bbox 428 590 469 629; x_wconf 85' lang='lat' dir='ltr'><strong>p.</strong></span> <span class='ocrx_word' id='word_1_43' title='bbox 504 573 709 622; x_wconf 89' lang='lat' dir='ltr'>XXXIV,</span> <span class='ocrx_word' id='word_1_44' title='bbox 748 572 798 612; x_wconf 87' lang='lat' dir='ltr'><strong>ab</strong></span> <span class='ocrx_word' id='word_1_45' title='bbox 826 572 911 612; x_wconf 87' lang='lat' dir='ltr'><strong>hoc</strong></span> <span class='ocrx_word' id='word_1_46' title='bbox 937 571 1035 612; x_wconf 90' lang='lat' dir='ltr'><strong>inde</strong></span> <span class='ocrx_word' id='word_1_47' title='bbox 1064 575 1255 623; x_wconf 86' lang='lat' dir='ltr'><strong>tempore</strong></span> <span class='ocrx_word' id='word_1_48' title='bbox 1283 581 1456 623; x_wconf 87' lang='lat' dir='ltr'><strong>prorsus</strong></span> <span class='ocrx_word' id='word_1_49' title='bbox 1486 581 1539 611; x_wconf 82' lang='lat' dir='ltr'><strong>ex</strong></span> 
     </span>
     <span class='ocr_line' id='line_1_7' title="bbox 0 647 1548 714; baseline -0.007 -16"><span class='ocrx_word' id='word_1_50' title='bbox 0 708 2 714; x_wconf 15' lang='grc' dir='ltr'><strong>λ</strong></span> <span class='ocrx_word' id='word_1_51' title='bbox 56 657 209 698; x_wconf 84' lang='lat' dir='ltr'><strong>fabulis</strong></span> <span class='ocrx_word' id='word_1_52' title='bbox 256 656 458 697; x_wconf 78' lang='lat' dir='ltr'><strong>exulasse.</strong></span> <span class='ocrx_word' id='word_1_53' title='bbox 532 655 790 705; x_wconf 78' lang='lat' dir='ltr'><strong>Quamquam</strong></span> <span class='ocrx_word' id='word_1_54' title='bbox 835 651 945 691; x_wconf 87' lang='lat' dir='ltr'><strong>enim</strong></span> <span class='ocrx_word' id='word_1_55' title='bbox 992 651 1118 691; x_wconf 87' lang='lat' dir='ltr'><strong>etiam</strong></span> <span class='ocrx_word' id='word_1_56' title='bbox 1154 650 1264 690; x_wconf 88' lang='lat' dir='ltr'><strong>inter</strong></span> <span class='ocrx_word' id='word_1_57' title='bbox 1298 647 1548 688; x_wconf 78' lang='lat' dir='ltr'><strong>vetustioris.</strong></span> 
     </span>
     <span class='ocr_line' id='line_1_8' title="bbox 0 727 1540 784; baseline -0.006 -8"><span class='ocrx_word' id='word_1_58' title='bbox 0 760 2 777; x_wconf 79' lang='lat'><em>.</em></span> <span class='ocrx_word' id='word_1_59' title='bbox 58 735 296 776; x_wconf 87' lang='lat' dir='ltr'><strong>comoediae</strong></span> <span class='ocrx_word' id='word_1_60' title='bbox 325 733 485 774; x_wconf 87' lang='lat' dir='ltr'><strong>fabulas</strong></span> <span class='ocrx_word' id='word_1_61' title='bbox 513 731 708 782; x_wconf 86' lang='lat' dir='ltr'><strong>fuerunt,</strong></span> <span class='ocrx_word' id='word_1_62' title='bbox 745 743 853 784; x_wconf 87' lang='lat' dir='ltr'><strong>quae</strong></span> <span class='ocrx_word' id='word_1_63' title='bbox 889 742 1027 782; x_wconf 85' lang='lat' dir='ltr'><strong>neque</strong></span> <span class='ocrx_word' id='word_1_64' title='bbox 1055 729 1222 770; x_wconf 86' lang='lat' dir='ltr'><strong>chorica</strong></span> <span class='ocrx_word' id='word_1_65' title='bbox 1251 727 1435 768; x_wconf 85' lang='lat' dir='ltr'><strong>carmina</strong></span> <span class='ocrx_word' id='word_1_66' title='bbox 1462 739 1540 767; x_wconf 88' lang='lat' dir='ltr'><strong>ne-</strong></span> 
     </span>
     <span class='ocr_line' id='line_1_9' title="bbox 0 800 1540 867; baseline -0.007 -12"><span class='ocrx_word' id='word_1_67' title='bbox 0 800 2 850; x_wconf 63' lang='grc' dir='ltr'><strong><em>ῗ</em></strong></span> <span class='ocrx_word' id='word_1_68' title='bbox 58 826 140 867; x_wconf 85' lang='lat' dir='ltr'><strong>que</strong></span> <span class='ocrx_word' id='word_1_69' title='bbox 176 814 399 867; x_wconf 87' lang='lat' dir='ltr'><strong>parabases</strong></span> <span class='ocrx_word' id='word_1_70' title='bbox 435 813 659 860; x_wconf 86' lang='lat' dir='ltr'><strong>haberent,</strong></span> <span class='ocrx_word' id='word_1_71' title='bbox 699 823 750 852; x_wconf 85' lang='lat' dir='ltr'><strong>ex</strong></span> <span class='ocrx_word' id='word_1_72' title='bbox 785 823 867 863; x_wconf 89' lang='lat' dir='ltr'><strong>quo</strong></span> <span class='ocrx_word' id='word_1_73' title='bbox 905 822 1062 863; x_wconf 84' lang='lat' dir='ltr'><strong>genere</strong></span> <span class='ocrx_word' id='word_1_74' title='bbox 1099 807 1258 849; x_wconf 84' lang='lat' dir='ltr'><strong>Cratini</strong></span> <span class='ocrx_word' id='word_1_75' title='bbox 1300 800 1540 853; x_wconf 82' lang='grc' dir='ltr'><em>Ὄδυσσεῖς</em></span> 
     </span>
     <span class='ocr_line' id='line_1_10' title="bbox 0 886 1540 946; baseline -0.006 -10"><span class='ocrx_word' id='word_1_76' title='bbox 0 905 1 946; x_wconf 62' lang='lat' dir='ltr'><strong>J</strong></span> <span class='ocrx_word' id='word_1_77' title='bbox 56 892 189 936; x_wconf 78' lang='lat' dir='ltr'><strong>fuisse</strong></span> <span class='ocrx_word' id='word_1_78' title='bbox 217 892 395 942; x_wconf 87' lang='lat' dir='ltr'><strong>scimus,</strong></span> <span class='ocrx_word' id='word_1_79' title='bbox 431 895 572 932; x_wconf 89' lang='lat' dir='ltr'><strong>tamen</strong></span> <span class='ocrx_word' id='word_1_80' title='bbox 608 890 690 932; x_wconf 87' lang='lat' dir='ltr'><strong>hae</strong></span> <span class='ocrx_word' id='word_1_81' title='bbox 720 892 764 930; x_wconf 92' lang='lat' dir='ltr'><strong>et</strong></span> <span class='ocrx_word' id='word_1_82' title='bbox 790 902 964 930; x_wconf 90' lang='lat' dir='ltr'><strong>numero</strong></span> <span class='ocrx_word' id='word_1_83' title='bbox 994 888 1165 928; x_wconf 87' lang='lat' dir='ltr'><strong>fuerunt</strong></span> <span class='ocrx_word' id='word_1_84' title='bbox 1194 886 1467 939; x_wconf 79' lang='lat' dir='ltr'><strong>paucissimae</strong></span> <span class='ocrx_word' id='word_1_85' title='bbox 1495 888 1540 927; x_wconf 82' lang='lat' dir='ltr'><strong>et</strong></span> 
     </span>
     <span class='ocr_line' id='line_1_11' title="bbox 0 965 1541 1024; baseline -0.006 -10"><span class='ocrx_word' id='word_1_86' title='bbox 0 975 2 985; x_wconf 84' lang='lat'><em>&#39;</em></span> <span class='ocrx_word' id='word_1_87' title='bbox 58 971 112 1013; x_wconf 78' lang='lat' dir='ltr'><strong>iis</strong></span> <span class='ocrx_word' id='word_1_88' title='bbox 141 971 319 1013; x_wconf 81' lang='lat' dir='ltr'><strong>fortasse</strong></span> <span class='ocrx_word' id='word_1_89' title='bbox 348 970 529 1024; x_wconf 80' lang='lat' dir='ltr'><strong>scriptae</strong></span> <span class='ocrx_word' id='word_1_90' title='bbox 556 969 829 1023; x_wconf 77' lang='lat' dir='ltr'><strong>temporibus,</strong></span> <span class='ocrx_word' id='word_1_91' title='bbox 859 968 1006 1023; x_wconf 87' lang='lat' dir='ltr'><strong>quibus</strong></span> <span class='ocrx_word' id='word_1_92' title='bbox 1037 965 1280 1007; x_wconf 81' lang='lat' dir='ltr'><strong>comoediae</strong></span> <span class='ocrx_word' id='word_1_93' title='bbox 1295 965 1541 1019; x_wconf 78' lang='lat' dir='ltr'><strong>dignitatem</strong></span> 
     </span>
     <span class='ocr_line' id='line_1_12' title="bbox 60 1044 1542 1104; baseline -0.003 -14"><span class='ocrx_word' id='word_1_94' title='bbox 60 1049 320 1104; x_wconf 71' lang='lat' dir='ltr'><strong>Morychidis</strong></span> <span class='ocrx_word' id='word_1_95' title='bbox 355 1050 638 1104; x_wconf 81' lang='lat' dir='ltr'><strong>psephismate</strong></span> <span class='ocrx_word' id='word_1_96' title='bbox 666 1047 955 1089; x_wconf 79' lang='lat' dir='ltr'><strong>labefactatam</strong></span> <span class='ocrx_word' id='word_1_97' title='bbox 987 1059 1081 1089; x_wconf 84' lang='lat' dir='ltr'><strong>esse</strong></span> <span class='ocrx_word' id='word_1_98' title='bbox 1108 1047 1302 1095; x_wconf 74' lang='lat' dir='ltr'><strong>vidimus,</strong></span> <span class='ocrx_word' id='word_1_99' title='bbox 1330 1044 1375 1086; x_wconf 83' lang='lat' dir='ltr'><strong>h.</strong></span> <span class='ocrx_word' id='word_1_100' title='bbox 1406 1057 1445 1087; x_wconf 85' lang='lat' dir='ltr'><strong>e.</strong></span> <span class='ocrx_word' id='word_1_101' title='bbox 1474 1044 1542 1086; x_wconf 79' lang='lat' dir='ltr'><strong>in-</strong></span> 
     </span>
     <span class='ocr_line' id='line_1_13' title="bbox 61 1127 734 1182; baseline -0.003 -11"><span class='ocrx_word' id='word_1_102' title='bbox 61 1131 129 1177; x_wconf 67' lang='lat' dir='ltr'><strong>ter</strong></span> <span class='ocrx_word' id='word_1_103' title='bbox 158 1129 323 1182; x_wconf 80' lang='lat' dir='ltr'><strong>Olymp.</strong></span> <span class='ocrx_word' id='word_1_104' title='bbox 353 1130 560 1180; x_wconf 91' lang='lat' dir='ltr'>LXXXV,</span> <span class='ocrx_word' id='word_1_105' title='bbox 589 1127 734 1169; x_wconf 73' lang='lat'>1-4.</span> 
     </span>
    </p>

    <p class='ocr_par' dir='ltr' id='par_1_3' title="bbox 62 1204 1563 2767">
     <span class='ocr_line' id='line_1_14' title="bbox 174 1204 1543 1258; baseline -0.004 -10"><span class='ocrx_word' id='word_1_106' title='bbox 174 1207 261 1247; x_wconf 88' lang='lat' dir='ltr'><strong>Sed</strong></span> <span class='ocrx_word' id='word_1_107' title='bbox 288 1212 336 1248; x_wconf 88' lang='lat' dir='ltr'><strong>ut</strong></span> <span class='ocrx_word' id='word_1_108' title='bbox 364 1207 512 1248; x_wconf 90' lang='lat' dir='ltr'><strong>redeat</strong></span> <span class='ocrx_word' id='word_1_109' title='bbox 540 1207 654 1247; x_wconf 93' lang='lat' dir='ltr'><strong>unde</strong></span> <span class='ocrx_word' id='word_1_110' title='bbox 683 1205 873 1258; x_wconf 83' lang='lat' dir='ltr'><strong>digressa</strong></span> <span class='ocrx_word' id='word_1_111' title='bbox 903 1207 968 1245; x_wconf 89' lang='lat' dir='ltr'><strong>est</strong></span> <span class='ocrx_word' id='word_1_112' title='bbox 996 1204 1144 1253; x_wconf 88' lang='lat' dir='ltr'><strong>oratio,</strong></span> <span class='ocrx_word' id='word_1_113' title='bbox 1173 1204 1287 1244; x_wconf 91' lang='lat' dir='ltr'><strong>illam</strong></span> <span class='ocrx_word' id='word_1_114' title='bbox 1318 1215 1440 1256; x_wconf 82' lang='lat' dir='ltr'><strong>quam</strong></span> <span class='ocrx_word' id='word_1_115' title='bbox 1472 1214 1543 1243; x_wconf 80' lang='lat' dir='ltr'><strong>su-</strong></span> 
     </span>
     <span class='ocr_line' id='line_1_15' title="bbox 62 1282 1546 1338; baseline -0.002 -13"><span class='ocrx_word' id='word_1_116' title='bbox 62 1297 140 1338; x_wconf 78' lang='lat' dir='ltr'><strong>pra</strong></span> <span class='ocrx_word' id='word_1_117' title='bbox 170 1285 253 1326; x_wconf 84' lang='lat' dir='ltr'>dixi</span> <span class='ocrx_word' id='word_1_118' title='bbox 282 1289 461 1327; x_wconf 88' lang='lat' dir='ltr'><strong>aetatem</strong></span> <span class='ocrx_word' id='word_1_119' title='bbox 501 1285 764 1327; x_wconf 80' lang='lat' dir='ltr'><strong>illustrarunt</strong></span> <span class='ocrx_word' id='word_1_120' title='bbox 803 1282 1029 1324; x_wconf 78' lang='lat' dir='ltr'><strong>clarissima</strong></span> <span class='ocrx_word' id='word_1_121' title='bbox 1069 1283 1252 1323; x_wconf 78' lang='lat' dir='ltr'><strong>comicae</strong></span> <span class='ocrx_word' id='word_1_122' title='bbox 1280 1283 1449 1336; x_wconf 87' lang='lat' dir='ltr'><strong>poesios</strong></span> <span class='ocrx_word' id='word_1_123' title='bbox 1486 1282 1546 1322; x_wconf 86' lang='lat' dir='ltr'><strong>si-</strong></span> 
     </span>
     <span class='ocr_line' id='line_1_16' title="bbox 63 1355 1549 1415; baseline -0.003 -8"><span class='ocrx_word' id='word_1_124' title='bbox 63 1362 177 1414; x_wconf 77' lang='lat' dir='ltr'><strong>dera,</strong></span> <span class='ocrx_word' id='word_1_125' title='bbox 206 1365 412 1415; x_wconf 84' lang='lat' dir='ltr'><strong>Cratinus,</strong></span> <span class='ocrx_word' id='word_1_126' title='bbox 445 1365 606 1415; x_wconf 88' lang='lat' dir='ltr'><strong>Crates,</strong></span> <span class='ocrx_word' id='word_1_127' title='bbox 633 1364 926 1412; x_wconf 81' lang='lat' dir='ltr'><strong>Pherecrates,</strong></span> <span class='ocrx_word' id='word_1_128' title='bbox 954 1355 1151 1415; x_wconf 84' lang='lat' dir='ltr'><strong>Eupolis,</strong></span> <span class='ocrx_word' id='word_1_129' title='bbox 1181 1363 1275 1412; x_wconf 89' lang='lat' dir='ltr'><strong>alii,</strong></span> <span class='ocrx_word' id='word_1_130' title='bbox 1306 1362 1360 1402; x_wconf 90' lang='lat' dir='ltr'><strong>de</strong></span> <span class='ocrx_word' id='word_1_131' title='bbox 1393 1361 1549 1414; x_wconf 68' lang='lat' dir='ltr'><strong>quibus</strong></span> 
     </span>
     <span class='ocr_line' id='line_1_17' title="bbox 64 1441 1546 1498; baseline -0.002 -15"><span class='ocrx_word' id='word_1_132' title='bbox 64 1442 260 1496; x_wconf 78' lang='lat' dir='ltr'><strong>deinceps</strong></span> <span class='ocrx_word' id='word_1_133' title='bbox 297 1443 587 1498; x_wconf 81' lang='lat' dir='ltr'><strong>exponendum</strong></span> <span class='ocrx_word' id='word_1_134' title='bbox 628 1446 706 1484; x_wconf 89' lang='lat' dir='ltr'><strong>est.</strong></span> <span class='ocrx_word' id='word_1_135' title='bbox 775 1443 940 1483; x_wconf 90' lang='lat' dir='ltr'><strong>Horum</strong></span> <span class='ocrx_word' id='word_1_136' title='bbox 977 1443 1173 1496; x_wconf 87' lang='lat' dir='ltr'><strong>princeps</strong></span> <span class='ocrx_word' id='word_1_137' title='bbox 1210 1445 1254 1482; x_wconf 90' lang='lat' dir='ltr'><strong>et</strong></span> <span class='ocrx_word' id='word_1_138' title='bbox 1281 1441 1398 1495; x_wconf 85' lang='lat' dir='ltr'><strong>quasi</strong></span> <span class='ocrx_word' id='word_1_139' title='bbox 1427 1445 1546 1481; x_wconf 82' lang='lat' dir='ltr'><strong>ante-</strong></span> 
     </span>
     <span class='ocr_line' id='line_1_18' title="bbox 65 1520 1552 1574; baseline -0.001 -13"><span class='ocrx_word' id='word_1_140' title='bbox 65 1521 258 1574; x_wconf 70' lang='lat' dir='ltr'><strong>signanus</strong></span> <span class='ocrx_word' id='word_1_141' title='bbox 295 1524 430 1564; x_wconf 82' lang='lat' dir='ltr'><strong>extitit</strong></span> <span class='ocrx_word' id='word_1_142' title='bbox 466 1521 777 1572; x_wconf 86' lang='lat' dir='ltr'>CRATINUS,</span> <span class='ocrx_word' id='word_1_143' title='bbox 820 1522 874 1563; x_wconf 87' lang='lat' dir='ltr'><strong>de</strong></span> <span class='ocrx_word' id='word_1_144' title='bbox 910 1522 1027 1562; x_wconf 88' lang='lat' dir='ltr'><strong>cuius</strong></span> <span class='ocrx_word' id='word_1_145' title='bbox 1066 1522 1264 1562; x_wconf 89' lang='lat' dir='ltr'><strong>natalium</strong></span> <span class='ocrx_word' id='word_1_146' title='bbox 1301 1521 1370 1561; x_wconf 80' lang='lat' dir='ltr'><strong>vel</strong></span> <span class='ocrx_word' id='word_1_147' title='bbox 1409 1520 1552 1561; x_wconf 79' lang='lat' dir='ltr'><strong>obitus</strong></span> 
     </span>
     <span class='ocr_line' id='line_1_19' title="bbox 67 1601 1547 1653; baseline 0.001 -13"><span class='ocrx_word' id='word_1_148' title='bbox 67 1603 254 1653; x_wconf 74' lang='lat' dir='ltr'><strong>tempore</strong></span> <span class='ocrx_word' id='word_1_149' title='bbox 289 1603 368 1643; x_wconf 87' lang='lat' dir='ltr'><strong>etsi</strong></span> <span class='ocrx_word' id='word_1_150' title='bbox 404 1603 543 1643; x_wconf 90' lang='lat' dir='ltr'><strong>nullus</strong></span> <span class='ocrx_word' id='word_1_151' title='bbox 572 1605 763 1643; x_wconf 82' lang='lat' dir='ltr'><strong>veterum</strong></span> <span class='ocrx_word' id='word_1_152' title='bbox 801 1601 956 1642; x_wconf 79' lang='lat' dir='ltr'><strong>diserte</strong></span> <span class='ocrx_word' id='word_1_153' title='bbox 995 1601 1186 1650; x_wconf 84' lang='lat' dir='ltr'><strong>tradidit,</strong></span> <span class='ocrx_word' id='word_1_154' title='bbox 1222 1605 1447 1653; x_wconf 85' lang='lat' dir='ltr'><strong>utrumque</strong></span> <span class='ocrx_word' id='word_1_155' title='bbox 1482 1603 1547 1640; x_wconf 81' lang='lat' dir='ltr'><strong>ta-</strong></span> 
     </span>
     <span class='ocr_line' id='line_1_20' title="bbox 69 1679 1548 1735; baseline -0.001 -15"><span class='ocrx_word' id='word_1_156' title='bbox 69 1692 166 1720; x_wconf 85' lang='lat' dir='ltr'><strong>men</strong></span> <span class='ocrx_word' id='word_1_157' title='bbox 201 1681 259 1721; x_wconf 87' lang='lat' dir='ltr'><strong>ita</strong></span> <span class='ocrx_word' id='word_1_158' title='bbox 297 1681 350 1722; x_wconf 90' lang='lat' dir='ltr'><strong>ad</strong></span> <span class='ocrx_word' id='word_1_159' title='bbox 375 1681 577 1735; x_wconf 85' lang='lat' dir='ltr'><strong>liquidum</strong></span> <span class='ocrx_word' id='word_1_160' title='bbox 607 1680 782 1734; x_wconf 88' lang='lat' dir='ltr'><strong>perduci</strong></span> <span class='ocrx_word' id='word_1_161' title='bbox 818 1683 980 1734; x_wconf 86' lang='lat' dir='ltr'><strong>potest,</strong></span> <span class='ocrx_word' id='word_1_162' title='bbox 1016 1683 1064 1720; x_wconf 90' lang='lat' dir='ltr'><strong>ut</strong></span> <span class='ocrx_word' id='word_1_163' title='bbox 1092 1693 1162 1720; x_wconf 86' lang='lat' dir='ltr'><strong>res</strong></span> <span class='ocrx_word' id='word_1_164' title='bbox 1190 1681 1258 1722; x_wconf 74' lang='lat' dir='ltr'><strong>vix</strong></span> <span class='ocrx_word' id='word_1_165' title='bbox 1286 1680 1412 1720; x_wconf 86' lang='lat' dir='ltr'><strong>unius</strong></span> <span class='ocrx_word' id='word_1_166' title='bbox 1442 1679 1548 1719; x_wconf 84' lang='lat' dir='ltr'><strong>duo-</strong></span> 
     </span>
     <span class='ocr_line' id='line_1_21' title="bbox 69 1759 1551 1813; baseline -0.003 -11"><span class='ocrx_word' id='word_1_167' title='bbox 69 1770 214 1802; x_wconf 75' lang='lat' dir='ltr'><strong>tumve</strong></span> <span class='ocrx_word' id='word_1_168' title='bbox 242 1773 441 1801; x_wconf 86' lang='lat' dir='ltr'><strong>annorum</strong></span> <span class='ocrx_word' id='word_1_169' title='bbox 465 1760 700 1800; x_wconf 86' lang='lat' dir='ltr'><strong>discrimine</strong></span> <span class='ocrx_word' id='word_1_170' title='bbox 730 1763 888 1813; x_wconf 79' lang='lat' dir='ltr'><strong>agatur.</strong></span> <span class='ocrx_word' id='word_1_171' title='bbox 947 1759 1235 1800; x_wconf 83' lang='lat' dir='ltr'><strong>Grandaevum</strong></span> <span class='ocrx_word' id='word_1_172' title='bbox 1266 1761 1417 1800; x_wconf 90' lang='lat' dir='ltr'><strong>obiisse</strong></span> <span class='ocrx_word' id='word_1_173' title='bbox 1447 1760 1551 1800; x_wconf 81' lang='lat' dir='ltr'><strong>Cra-</strong></span> 
     </span>
     <span class='ocr_line' id='line_1_22' title="bbox 71 1837 1554 1894; baseline -0.001 -15"><span class='ocrx_word' id='word_1_174' title='bbox 71 1838 203 1879; x_wconf 84' lang='lat' dir='ltr'><strong>tinum</strong></span> <span class='ocrx_word' id='word_1_175' title='bbox 243 1843 418 1880; x_wconf 87' lang='lat' dir='ltr'><strong>testatur</strong></span> <span class='ocrx_word' id='word_1_176' title='bbox 459 1843 626 1894; x_wconf 87' lang='lat' dir='ltr'><strong>praeter</strong></span> <span class='ocrx_word' id='word_1_177' title='bbox 673 1840 777 1882; x_wconf 90' lang='lat' dir='ltr'><strong>alios</strong></span> <span class='ocrx_word' id='word_1_178' title='bbox 821 1839 1029 1880; x_wconf 88' lang='lat' dir='ltr'><strong>Lucianus</strong></span> <span class='ocrx_word' id='word_1_179' title='bbox 1074 1839 1263 1879; x_wconf 88' lang='lat' dir='ltr'><strong>Macrob.</strong></span> <span class='ocrx_word' id='word_1_180' title='bbox 1299 1837 1355 1879; x_wconf 79' lang='lat'><strong>25</strong></span> <span class='ocrx_word' id='word_1_181' title='bbox 1401 1839 1453 1879; x_wconf 90' lang='grc' dir='ltr'><strong>Τ.</strong></span> <span class='ocrx_word' id='word_1_182' title='bbox 1486 1837 1554 1878; x_wconf 78' lang='lat'><strong>111</strong></span> 
     </span>
     <span class='ocr_line' id='line_1_23' title="bbox 70 1917 1553 1974; baseline 0 -16"><span class='ocrx_word' id='word_1_183' title='bbox 70 1929 116 1973; x_wconf 70' lang='lat' dir='ltr'><strong>p.</strong></span> <span class='ocrx_word' id='word_1_184' title='bbox 143 1918 227 1958; x_wconf 78' lang='lat'><strong>227</strong></span> <span class='ocrx_word' id='word_1_185' title='bbox 257 1919 324 1960; x_wconf 89' lang='lat' dir='ltr'><strong>ed.</strong></span> <span class='ocrx_word' id='word_1_186' title='bbox 353 1919 521 1960; x_wconf 87' lang='lat' dir='ltr'><strong>Wettst.</strong></span> <span class='ocrx_word' id='word_1_187' title='bbox 550 1920 620 1972; x_wconf 90' lang='lat' dir='ltr'><strong>qui</strong></span> <span class='ocrx_word' id='word_1_188' title='bbox 659 1932 755 1960; x_wconf 91' lang='lat' dir='ltr'><strong>eum</strong></span> <span class='ocrx_word' id='word_1_189' title='bbox 797 1924 960 1974; x_wconf 89' lang='lat' dir='ltr'><strong>septem</strong></span> <span class='ocrx_word' id='word_1_190' title='bbox 989 1923 1031 1960; x_wconf 90' lang='lat' dir='ltr'><strong>et</strong></span> <span class='ocrx_word' id='word_1_191' title='bbox 1061 1920 1284 1972; x_wconf 82' lang='lat' dir='ltr'><strong>nonaginta</strong></span> <span class='ocrx_word' id='word_1_192' title='bbox 1313 1930 1442 1958; x_wconf 90' lang='lat' dir='ltr'><strong>annos</strong></span> <span class='ocrx_word' id='word_1_193' title='bbox 1470 1917 1553 1958; x_wconf 89' lang='lat' dir='ltr'><strong>im·-</strong></span> 
     </span>
     <span class='ocr_line' id='line_1_24' title="bbox 71 1993 1553 2054; baseline -0.002 -16"><span class='ocrx_word' id='word_1_194' title='bbox 71 1996 252 2051; x_wconf 69' lang='lat' dir='ltr'><strong>plevisse</strong></span> <span class='ocrx_word' id='word_1_195' title='bbox 287 2000 512 2039; x_wconf 87' lang='lat' dir='ltr'><strong>memoriae</strong></span> <span class='ocrx_word' id='word_1_196' title='bbox 547 1999 753 2052; x_wconf 87' lang='lat' dir='ltr'><strong>prodidit:</strong></span> <span class='ocrx_word' id='word_1_197' title='bbox 791 1997 1015 2054; x_wconf 81' lang='grc' dir='ltr'><strong><em>Κρατῖνος</em></strong></span> <span class='ocrx_word' id='word_1_198' title='bbox 1052 1995 1098 2038; x_wconf 77' lang='grc' dir='ltr'><strong>δὲ</strong></span> <span class='ocrx_word' id='word_1_199' title='bbox 1139 1993 1163 2038; x_wconf 89' lang='grc' dir='ltr'>ὁ</span> <span class='ocrx_word' id='word_1_200' title='bbox 1202 1995 1279 2047; x_wconf 78' lang='grc' dir='ltr'><strong>τῆς</strong></span> <span class='ocrx_word' id='word_1_201' title='bbox 1318 1993 1553 2053; x_wconf 79' lang='grc' dir='ltr'><strong><em>κωμῳδίας</em></strong></span> 
     </span>
     <span class='ocr_line' id='line_1_25' title="bbox 74 2071 1563 2132; baseline 0.002 -18"><span class='ocrx_word' id='word_1_202' title='bbox 74 2071 258 2128; x_wconf 68' lang='grc' dir='ltr'><strong>ῃοιητὴς</strong></span> <span class='ocrx_word' id='word_1_203' title='bbox 287 2072 395 2116; x_wconf 57' lang='grc' dir='ltr'><strong>ἑᾱὰ</strong></span> <span class='ocrx_word' id='word_1_204' title='bbox 423 2074 532 2132; x_wconf 80' lang='grc' dir='ltr'><strong><em>πρὸς</em></strong></span> <span class='ocrx_word' id='word_1_205' title='bbox 559 2077 651 2125; x_wconf 79' lang='grc' dir='ltr'><strong><em>τοῖς</em></strong></span> <span class='ocrx_word' id='word_1_206' title='bbox 678 2073 936 2128; x_wconf 79' lang='grc' dir='ltr'><strong><em>ἐνενήκοντα</em></strong></span> <span class='ocrx_word' id='word_1_207' title='bbox 965 2073 1108 2118; x_wconf 73' lang='grc' dir='ltr'><strong><em>ἔτεσιν</em></strong></span> <span class='ocrx_word' id='word_1_208' title='bbox 1135 2073 1305 2130; x_wconf 79' lang='grc' dir='ltr'><em>ἐβίωσε,</em></span> <span class='ocrx_word' id='word_1_209' title='bbox 1336 2075 1413 2118; x_wconf 78' lang='grc' dir='ltr'><strong>καὶ</strong></span> <span class='ocrx_word' id='word_1_210' title='bbox 1441 2072 1563 2131; x_wconf 68' lang='grc' dir='ltr'><strong><em>πρὸς</em></strong></span> 
     </span>
     <span class='ocr_line' id='line_1_26' title="bbox 75 2150 1550 2209; baseline -0.002 -12"><span class='ocrx_word' id='word_1_211' title='bbox 75 2151 136 2209; x_wconf 66' lang='grc' dir='ltr'><strong>τῷ</strong></span> <span class='ocrx_word' id='word_1_212' title='bbox 163 2152 275 2194; x_wconf 81' lang='grc' dir='ltr'><em>τέλει</em></span> <span class='ocrx_word' id='word_1_213' title='bbox 302 2153 384 2195; x_wconf 82' lang='grc' dir='ltr'><strong>τοῦ</strong></span> <span class='ocrx_word' id='word_1_214' title='bbox 416 2152 518 2207; x_wconf 81' lang='grc' dir='ltr'>βίου</span> <span class='ocrx_word' id='word_1_215' title='bbox 555 2151 739 2207; x_wconf 76' lang='grc' dir='ltr'><strong>διδάξας</strong></span> <span class='ocrx_word' id='word_1_216' title='bbox 774 2153 857 2206; x_wconf 80' lang='grc' dir='ltr'><strong>τὴν</strong></span> <span class='ocrx_word' id='word_1_217' title='bbox 884 2152 1092 2206; x_wconf 79' lang='grc' dir='ltr'><em>Πυτίνην</em></span> <span class='ocrx_word' id='word_1_218' title='bbox 1132 2155 1209 2197; x_wconf 83' lang='grc' dir='ltr'><strong>καὶ</strong></span> <span class='ocrx_word' id='word_1_219' title='bbox 1247 2152 1430 2206; x_wconf 79' lang='grc' dir='ltr'><strong>νικήσας</strong></span> <span class='ocrx_word' id='word_1_220' title='bbox 1457 2150 1550 2209; x_wconf 73' lang='grc' dir='ltr'><strong>μετ’</strong></span> 
     </span>
     <span class='ocr_line' id='line_1_27' title="bbox 80 2227 1554 2291; baseline 0.004 -20"><span class='ocrx_word' id='word_1_221' title='bbox 80 2227 134 2271; x_wconf 78' lang='grc' dir='ltr'><strong>οὒ</strong></span> <span class='ocrx_word' id='word_1_222' title='bbox 161 2229 273 2272; x_wconf 81' lang='grc' dir='ltr'><em>πολὺ</em></span> <span class='ocrx_word' id='word_1_223' title='bbox 301 2230 514 2277; x_wconf 77' lang='grc' dir='ltr'><strong><em>ἐτελεύτα.</em></strong></span> <span class='ocrx_word' id='word_1_224' title='bbox 582 2238 641 2277; x_wconf 88' lang='lat' dir='ltr'><strong>Ut</strong></span> <span class='ocrx_word' id='word_1_225' title='bbox 670 2238 928 2291; x_wconf 85' lang='lat' dir='ltr'><strong>decrepitum</strong></span> <span class='ocrx_word' id='word_1_226' title='bbox 959 2249 1103 2276; x_wconf 88' lang='lat' dir='ltr'><strong>senem</strong></span> <span class='ocrx_word' id='word_1_227' title='bbox 1132 2241 1175 2275; x_wconf 89' lang='lat' dir='ltr'><strong>et</strong></span> <span class='ocrx_word' id='word_1_228' title='bbox 1205 2235 1351 2276; x_wconf 87' lang='lat' dir='ltr'><strong>delirio</strong></span> <span class='ocrx_word' id='word_1_229' title='bbox 1381 2236 1554 2289; x_wconf 78' lang='lat' dir='ltr'><strong>propin-</strong></span> 
     </span>
     <span class='ocr_line' id='line_1_28' title="bbox 82 2313 1556 2369; baseline 0.004 -18"><span class='ocrx_word' id='word_1_230' title='bbox 82 2323 208 2364; x_wconf 86' lang='lat' dir='ltr'><strong>quum</strong></span> <span class='ocrx_word' id='word_1_231' title='bbox 236 2325 329 2353; x_wconf 91' lang='lat' dir='ltr'><strong>cum</strong></span> <span class='ocrx_word' id='word_1_232' title='bbox 357 2314 515 2360; x_wconf 81' lang='lat' dir='ltr'><strong>risisset</strong></span> <span class='ocrx_word' id='word_1_233' title='bbox 545 2328 640 2356; x_wconf 91' lang='lat' dir='ltr'><strong>eum</strong></span> <span class='ocrx_word' id='word_1_234' title='bbox 669 2317 967 2369; x_wconf 88' lang='lat' dir='ltr'><strong>Aristophanes</strong></span> <span class='ocrx_word' id='word_1_235' title='bbox 991 2316 1130 2368; x_wconf 88' lang='lat' dir='ltr'><strong>Equit.</strong></span> <span class='ocrx_word' id='word_1_236' title='bbox 1151 2313 1249 2365; x_wconf 79' lang='lat'><strong>528,</strong></span> <span class='ocrx_word' id='word_1_237' title='bbox 1279 2328 1385 2368; x_wconf 88' lang='lat' dir='ltr'><strong>quae</strong></span> <span class='ocrx_word' id='word_1_238' title='bbox 1412 2316 1556 2358; x_wconf 81' lang='lat' dir='ltr'><strong>fabula</strong></span> 
     </span>
     <span class='ocr_line' id='line_1_29' title="bbox 82 2371 1555 2446; baseline 0.003 -15"><span class='ocrx_word' id='word_1_239' title='bbox 82 2389 290 2431; x_wconf 89' lang='lat' dir='ltr'><strong>Stratocle</strong></span> <span class='ocrx_word' id='word_1_240' title='bbox 329 2392 526 2434; x_wconf 82' lang='lat' dir='ltr'><strong>archonte</strong></span> <span class='ocrx_word' id='word_1_241' title='bbox 562 2398 654 2434; x_wconf 87' lang='lat' dir='ltr'><strong>acta</strong></span> <span class='ocrx_word' id='word_1_242' title='bbox 691 2397 756 2433; x_wconf 90' lang='lat' dir='ltr'><strong>est</strong></span> <span class='ocrx_word' id='word_1_243' title='bbox 795 2394 960 2446; x_wconf 78' lang='lat' dir='ltr'><strong>Olymp.</strong></span> <span class='ocrx_word' id='word_1_244' title='bbox 991 2371 1264 2445; x_wconf 78' lang='lat' dir='ltr'>LXXXVIII,</span> <span class='ocrx_word' id='word_1_245' title='bbox 1290 2395 1333 2446; x_wconf 77' lang='lat'><strong>4,</strong></span> <span class='ocrx_word' id='word_1_246' title='bbox 1369 2396 1555 2436; x_wconf 83' lang='lat' dir='ltr'><strong>irritatus</strong></span> 
     </span>
     <span class='ocr_line' id='line_1_30' title="bbox 81 2469 1555 2528; baseline 0.002 -15"><span class='ocrx_word' id='word_1_247' title='bbox 81 2469 282 2513; x_wconf 85' lang='lat' dir='ltr'><strong>iactorum</strong></span> <span class='ocrx_word' id='word_1_248' title='bbox 312 2470 355 2511; x_wconf 90' lang='lat' dir='ltr'><strong>in</strong></span> <span class='ocrx_word' id='word_1_249' title='bbox 385 2484 432 2511; x_wconf 88' lang='lat' dir='ltr'><strong>se</strong></span> <span class='ocrx_word' id='word_1_250' title='bbox 461 2472 726 2513; x_wconf 86' lang='lat' dir='ltr'><strong>dicteriornm</strong></span> <span class='ocrx_word' id='word_1_251' title='bbox 755 2471 1002 2513; x_wconf 85' lang='lat' dir='ltr'><strong>contumelia</strong></span> <span class='ocrx_word' id='word_1_252' title='bbox 1018 2474 1210 2514; x_wconf 85' lang='lat' dir='ltr'><strong>Cratinus</strong></span> <span class='ocrx_word' id='word_1_253' title='bbox 1233 2476 1555 2528; x_wconf 88' lang='lat' dir='ltr'><strong>sequentianno</strong></span> 
     </span>
     <span class='ocr_line' id='line_1_31' title="bbox 83 2547 1556 2604; baseline 0.005 -15"><span class='ocrx_word' id='word_1_254' title='bbox 83 2547 128 2589; x_wconf 76' lang='lat'><strong>11.</strong></span> <span class='ocrx_word' id='word_1_255' title='bbox 158 2561 196 2590; x_wconf 91' lang='lat' dir='ltr'><strong>e.</strong></span> <span class='ocrx_word' id='word_1_256' title='bbox 235 2549 400 2603; x_wconf 81' lang='lat' dir='ltr'><strong>Olymp.</strong></span> <span class='ocrx_word' id='word_1_257' title='bbox 429 2551 658 2601; x_wconf 88' lang='lat' dir='ltr'>LXXXIX,</span> <span class='ocrx_word' id='word_1_258' title='bbox 689 2552 714 2592; x_wconf 92' lang='lat'>1</span> <span class='ocrx_word' id='word_1_259' title='bbox 751 2551 950 2594; x_wconf 88' lang='lat' dir='ltr'><strong>archonte</strong></span> <span class='ocrx_word' id='word_1_260' title='bbox 987 2553 1156 2594; x_wconf 90' lang='lat' dir='ltr'><strong>Isarcho</strong></span> <span class='ocrx_word' id='word_1_261' title='bbox 1193 2550 1399 2604; x_wconf 81' lang='grc' dir='ltr'><strong><em>Πυτίνην</em></strong></span> <span class='ocrx_word' id='word_1_262' title='bbox 1433 2554 1556 2596; x_wconf 83' lang='lat' dir='ltr'><strong>fabu-</strong></span> 
     </span>
     <span class='ocr_line' id='line_1_32' title="bbox 83 2626 1557 2684; baseline 0.005 -16"><span class='ocrx_word' id='word_1_263' title='bbox 83 2626 167 2669; x_wconf 92' lang='lat' dir='ltr'><strong>lam</strong></span> <span class='ocrx_word' id='word_1_264' title='bbox 194 2629 297 2669; x_wconf 90' lang='lat' dir='ltr'><strong>miro</strong></span> <span class='ocrx_word' id='word_1_265' title='bbox 328 2631 508 2671; x_wconf 90' lang='lat' dir='ltr'><strong>omnium</strong></span> <span class='ocrx_word' id='word_1_266' title='bbox 542 2630 742 2684; x_wconf 89' lang='lat' dir='ltr'><strong>applausu</strong></span> <span class='ocrx_word' id='word_1_267' title='bbox 779 2630 932 2674; x_wconf 91' lang='lat' dir='ltr'><strong>docuit.</strong></span> <span class='ocrx_word' id='word_1_268' title='bbox 997 2633 1082 2674; x_wconf 88' lang='lat' dir='ltr'><strong>Sed</strong></span> <span class='ocrx_word' id='word_1_269' title='bbox 1117 2632 1200 2674; x_wconf 81' lang='lat' dir='ltr'><strong>suit</strong></span> <span class='ocrx_word' id='word_1_270' title='bbox 1237 2634 1308 2676; x_wconf 89' lang='lat' dir='ltr'><strong>hic</strong></span> <span class='ocrx_word' id='word_1_271' title='bbox 1347 2639 1557 2676; x_wconf 81' lang='lat' dir='ltr'><strong>extremus</strong></span> 
     </span>
     <span class='ocr_line' id='line_1_33' title="bbox 85 2706 1559 2767; baseline 0.004 -19"><span class='ocrx_word' id='word_1_272' title='bbox 85 2706 402 2761; x_wconf 79' lang='lat' dir='ltr'><strong>ingeniosissimi</strong></span> <span class='ocrx_word' id='word_1_273' title='bbox 438 2710 547 2752; x_wconf 83' lang='lat' dir='ltr'><strong>senis</strong></span> <span class='ocrx_word' id='word_1_274' title='bbox 582 2710 722 2762; x_wconf 87' lang='lat' dir='ltr'><strong>labor,</strong></span> <span class='ocrx_word' id='word_1_275' title='bbox 759 2714 938 2761; x_wconf 81' lang='lat' dir='ltr'><strong>testante</strong></span> <span class='ocrx_word' id='word_1_276' title='bbox 973 2712 1181 2764; x_wconf 89' lang='lat' dir='ltr'><strong>Luciano,</strong></span> <span class='ocrx_word' id='word_1_277' title='bbox 1219 2714 1290 2767; x_wconf 86' lang='lat' dir='ltr'><strong>qui</strong></span> <span class='ocrx_word' id='word_1_278' title='bbox 1327 2726 1420 2755; x_wconf 86' lang='lat' dir='ltr'><strong>cum</strong></span> <span class='ocrx_word' id='word_1_279' title='bbox 1448 2713 1559 2754; x_wconf 89' lang='lat' dir='ltr'><strong>hanc</strong></span> 
     </span>
    </p>
   </div>
  </div>
 </body>
</html>
