1702 3190
205 205 287 246 124
798 208 984 238 eurotas.
1014 214 1015 217 ¹

315 299 501 361 Denique
529 321 610 349 non
639 315 803 361 possum
834 307 928 360 quin
959 307 1096 360 paucis
1124 306 1357 347 Buttmanni
1394 308 1445 346 de
1474 287 1642 359 Eupollss

207 393 284 432 dea
312 388 447 428 fabula
473 386 715 426 sententiam
745 386 937 438 attingam
966 385 1034 436 qui
1062 384 1089 424 Ι.
1119 384 1147 425 Ι.
1176 398 1216 437 p.
1247 386 1328 425 164
1357 397 1437 424 non
1467 385 1645 436 Cotyttia

208 481 321 508 sacra
350 467 400 504 ab
429 465 634 516 Eupolide
665 463 841 502 exhibita
870 462 998 501 fuisse
1028 463 1180 511 statuit,
1209 462 1282 502 sed
1311 467 1527 502 nocturnas
1556 462 1645 501 illas

209 542 430 586 Alcibiadis
465 542 634 592 eiusque
674 541 879 580 sociorum
916 540 1282 587 commissationes,
1325 540 1366 578 in
1405 541 1550 591 quibus
1587 541 1648 579 illi
1695 536 1698 541 ’

210 621 422 663 Eleusinia
463 631 578 657 sacra
621 618 835 657 scurrilem
876 618 918 657 in
959 617 1124 657 modum
1173 618 1229 656 ita
1270 617 1551 667 imitabantur,
1604 621 1650 658 ut

211 697 459 740 Theodorus
503 695 665 746 quidam
710 694 941 746 praeconis,
982 694 1146 746 Pulytio
1184 693 1378 743 daduchi,
1422 696 1651 736 Alcibiades

210 776 525 826 hierophantae,
561 772 688 811 ceteri
718 768 893 822 deniilue
921 771 1021 811 socii
1050 776 1269 823 mystarum
1299 775 1479 824 partibus
1507 774 1655 826 funge-

211 857 369 893 rentur.
443 850 550 891 Vide
603 851 768 900 praeter
810 849 1018 888 Plutarchi
1058 849 1308 888 Alcibiadem
1349 863 1372 889 a
1410 851 1654 890 Buttmanno

214 930 420 971 laudatum
452 927 635 966 eiusdem
666 926 851 978 Sympos.
880 939 921 978 p.
952 926 1030 966 621
1050 938 1072 966 c
1111 928 1152 965 et
1181 926 1393 967 Libanium
1422 928 1529 979 apud
1558 929 1656 968 Cra-

192 1021 374 1049 .merum
403 1004 557 1046 Anecd.
587 1003 645 1045 lv
674 1017 714 1056 p.
746 1003 841 1044 159.
899 1005 1082 1055 Quorum
1110 1003 1323 1043 hominum
1346 1005 1546 1057 impietati
1576 1017 1655 1056 quo

217 1085 413 1125 maiorem
454 1083 689 1121 conciliaret
723 1079 938 1127 invidiam,
978 1080 1155 1131 Eupolin
1185 1081 1302 1121 deam
1330 1082 1495 1121 illorum
1524 1083 1658 1134 orgio-
1699 1135 1702 1138 Α

217 1175 308 1201 rum
338 1160 568 1213 praesidem
598 1158 785 1209 Cotyttus
825 1157 987 1196 nomine
1015 1157 1242 1208 appellasse
1279 1161 1400 1209 atque
1429 1160 1662 1199 Eleusiniae

221 1238 365 1278 Cereri
410 1236 662 1289 opposuisse.
738 1234 829 1273 Die
866 1233 1075 1282 Giittin,
1117 1234 1269 1286 inquit,
1313 1236 1507 1275 welche
1551 1235 1661 1276 solss

221 1316 354 1355 chen
391 1313 684 1367 Mysterien
723 1310 995 1360 vorstand,
1040 1316 1229 1351 nannte
1270 1312 1362 1352 der
1397 1311 1659 1362 Komiker‚

222 1405 333 1433 zum
363 1392 656 1443 Gegensatz
682 1401 850 1441 gegen
888 1387 972 1427 die
1012 1389 1238 1429 attische
1267 1389 1530 1440 Demeter,
1569 1392 1664 1431 Co-

223 1474 374 1522 tytto.
441 1470 557 1520 Quae
588 1478 828 1518 quamquam
865 1465 1076 1517 ingeniosa
1111 1470 1172 1505 est
1201 1469 1453 1526 coniectura,
1494 1469 1666 1509 multum

225 1552 362 1587 tamen
391 1557 538 1585 vereor
564 1548 611 1583 ut
639 1542 865 1583 accuratius
896 1542 1093 1594 pensitata
1120 1544 1284 1597 probari
1303 1550 1437 1596 queat.
1459 1547 1527 1597 ⁷¹)
1564 1548 1667 1587 Nam

227 1625 262 1665 si
290 1624 546 1675 impietatem
576 1621 795 1661 Alcibiadis
823 1619 1100 1672 perstringere
1126 1622 1322 1662 voluisset
1350 1623 1543 1675 Eupolis,
1581 1625 1671 1675 quis

232 1715 313 1741 non
343 1699 472 1739 multo
502 1698 636 1750 aptius
664 1701 826 1749 poetam
855 1696 1058 1737 facturum
1085 1697 1214 1739 fuisse
1242 1699 1391 1749 videat,
1421 1700 1456 1739 si
1479 1713 1568 1739 rem
1597 1713 1672 1741 suo

230 1779 396 1820 nomine
425 1776 682 1828 appellasset,
711 1786 844 1825 neque
866 1776 978 1826 quasi
995 1787 1071 1827 per
1091 1775 1182 1815 vela
1212 1789 1260 1816 ex
1288 1777 1509 1829 longinquo
1539 1781 1675 1819 osten-

233 1857 375 1896 disset.
447 1854 540 1905 Ipsa
569 1852 761 1903 mysteria
789 1855 997 1903 totamque
1027 1866 1167 1893 earum
1194 1855 1394 1894 rationem
1424 1859 1466 1893 et
1494 1853 1702 1894 ceremo-'

234 1934 322 1973 nias
351 1933 391 1971 in
420 1931 509 1970 istis
539 1929 803 1969 conventibus
832 1929 880 1968 ab
911 1929 1122 1972 Alcibiade
1160 1931 1330 1983 eiusque
1368 1931 1488 1971 sociis
1518 1932 1699 1973 scurrili‘

234 2010 462 2050 imitatione
499 2019 709 2059 expressas
747 2005 876 2046 fuisse
923 2006 1077 2047 diserte
1101 2011 1275 2048 testatur
1304 2008 1535 2049 Andocides
1565 2010 1678 2051 Orat.

239 2086 292 2127 de
329 2087 453 2139 Myst.
490 2097 531 2136 p.
559 2085 615 2124 88
650 2084 776 2124 Bekk.
842 2084 984 2136 Itaque
1020 2085 1085 2126 vix
1122 2086 1296 2138 aliquam
1331 2086 1411 2125 vim
1446 2085 1681 2126 habiturum

239 2165 370 2204 fuisse
399 2161 667 2211 crediderim,
703 2163 737 2201 si
767 2161 933 2214 Cotytto
965 2163 1109 2203 Cereri
1137 2164 1416 2204 substituisset
1444 2176 1576 2215 eoque
1605 2164 1684 2203 cri-

232 2240 362 2281 minis
401 2238 590 2278 invidiam
619 2240 784 2289 praeter
813 2241 1027 2281 consilium
1056 2254 1174 2282 suum
1203 2243 1471 2282 imminuisset
1501 2247 1541 2282 et
1571 2242 1702 2294 quasi*

245 2319 513 2359 obfuscasset.
580 2316 664 2355 Sed
701 2316 811 2356 aliud
849 2318 970 2358 etiam
1006 2323 1088 2368 est,
1127 2320 1236 2371 quod
1265 2320 1499 2359 Buttmanni
1529 2303 1701 2372 opinio-¹

245 2410 339 2437 nem
375 2396 506 2434 minus
540 2394 793 2445 probabilem
830 2394 994 2435 efficiat.
1065 2397 1232 2437 Scilicet
1269 2399 1471 2449 expressis
1500 2400 1697 2438 veterum*

249 2475 408 2513 constat
436 2471 698 2520 testimoniis,
726 2472 845 2512 istam
876 2474 1163 2525 mysteriorum
1193 2475 1452 2515 violationem
1480 2475 1523 2515 in
1551 2475 1690 2528 ipsum

313 2655 396 2761 Η)Ρ
424 2652 550 2747 ἲὶίὃὶὲῼ
570 2666 674 2704 quae
725 2667 834 2696 nunc
887 2656 1057 2698 uberius*
1096 2655 1287 2697 disseruit
1329 2656 1558 2698 Lobeckius
1597 2648 1628 2696 1.
1662 2654 1692 2695 1.
