1702 3190
201 149 283 189 2⁰⁰
821 155 1023 186 sumnus».

204 252 327 309 ψίας.
398 254 482 295 Sed
518 258 703 306 apertum
744 259 806 294 est
841 259 935 307 post
969 251 1182 307 γενέσθαι
1230 255 1490 296 incidendum
1542 264 1644 298 esse:

206 335 308 373 Nam
337 331 388 371 de
418 331 603 383 Lycone,
641 333 829 384 Autolyci
865 337 1003 384 patre,
1049 333 1201 384 agitur,
1242 345 1360 385 quem
1399 334 1645 373 luxuriosum

206 410 332 450 fuisse
367 409 573 448 homiuem
611 409 817 460 Amipsiae
856 409 1086 447 testimonio
1135 411 1370 462 comprobat
1410 411 1647 450 Scholiasta.

208 489 295 528 Neo
324 486 450 538 magis
479 485 625 524 incerti
654 489 801 536 poetae
831 499 974 525 versus
1003 486 1110 536 apud
1141 488 1369 539 Hephaest.
1400 489 1457 529 vl
1485 488 1539 526 36

373 557 467 602 οὐδ’
493 555 746 614 ’Λμειψίαν
775 557 900 616 ὁρᾶτε
930 559 1102 614 πτωχὸν
1129 559 1216 603 ὅντ’
1248 561 1313 618 ἐφ’
1342 561 1458 618 ἡμῖν,

210 640 259 680 ad
288 643 470 679 nostrum
500 643 664 691 poetam
702 644 886 692 spectare
925 641 1095 681 videtur.
1160 645 1263 683 Nam
1301 657 1376 695 pro
1410 635 1655 693 ’Λμειψίαν

210 717 429 769 legendum
458 721 520 756 est
548 716 659 756 haud
697 716 820 756 dubie
857 710 1102 769 Ἀμυνίαν,
1141 721 1255 760 cuius
1282 723 1564 773 paupertatem
1601 719 1656 759 ri-

212 794 282 833 det
311 794 432 831 etiam
462 793 753 844 Aristophanes
783 795 907 846 Vesp.
938 796 1060 835 1263.

323 868 569 909 Fabularum
599 870 705 908 tituli
734 877 952 922 supersunt
982 887 1141 915 novem.
1190 877 1369 926 Quarum
1389 875 1658 927 quamprimo

213 946 304 985 loco
333 946 520 997 ponimus
552 941 1136 999 ’Λποκοτταβίζοντες,
1174 952 1215 991 in
1252 965 1300 991 ea
1337 953 1506 1004 Dionysi
1542 964 1661 1003 quas-

215 1023 308 1062 dam
344 1029 483 1074 partes
520 1024 648 1063 fuisse
690 1024 812 1064 docet
849 1027 998 1068 Athen.
1029 1029 1066 1068 X
1102 1041 1142 1080 p.
1172 1028 1297 1067 426st
1361 1029 1534 1068 Plenum
1571 1028 1662 1067 dra-

216 1100 332 1139 matis
363 1100 525 1138 titulum
543 1100 753 1139 Fabricius
784 1102 932 1153 aliique
961 1104 1090 1144 fuisse
1118 1110 1259 1157 putant
1288 1106 1410 1154 hunc,
1443 1099 1664 1144 Ἀποκοτ-

217 1172 464 1228 ταβίζοντες
500 1170 528 1224 ἢ
566 1172 746 1226 Mania,
797 1179 959 1231 decepti
1004 1182 1064 1221 illi
1102 1188 1294 1235 corrupto
1335 1183 1425 1221 loco
1463 1182 1663 1222 Athenaei

218 1254 290 1294 nb.
319 1254 378 1294 xl
416 1268 456 1307 p.
483 1254 607 1293 47:321
644 1247 712 1292 ὅτι
748 1253 795 1293 δὲ
823 1255 897 1294 καὶ
926 1252 1134 1311 ποτήριόν
1169 1271 1211 1298 τι
1239 1252 1350 1298 οὕτω
1381 1256 1663 1314 (κάνθαρος)

221 1329 428 1378 καλεῖται,
463 1325 707 1381 Ἀμὲιψίας
734 1329 780 1370 ἐν
812 1326 1236 1386 Ἀποκοτταβίζουσί
1265 1348 1402 1390 φησιν
1430 1331 1458 1386 ἢ
1487 1334 1667 1393 ,Μανίου

227 1403 337 1462 Φέρ’
370 1403 577 1461 ὀξύβαφα
604 1408 680 1447 καὶ
706 1405 974 1464 κανθάρους.
1039 1414 1174 1464 Atque
1210 1415 1262 1453 ad
1299 1415 1473 1454 eundem
1503 1416 1668 1457 modum

223 1487 293 1527 lib.
321 1485 398 1527 XV
427 1498 468 1539 p.
499 1487 579 1525 667
598 1486 620 1525 f
642 1480 885 1540 Ἀμειψίας
909 1483 1359 1540 Ἀποκοτταβίζουσιν
1386 1485 1415 1539 ἢ
1446 1490 1620 1548 Μανίᾳ,

818 1560 922 1618 ‘Die'
956 1560 1162 1620 ὀξύβαφα
1192 1567 1266 1609 καὶ
1294 1564 1547 1622 κανθάρους

389 1637 465 1679 καὶ
494 1635 571 1679 τὸν
598 1636 908 1695 ποδανιπτῆρ’,
935 1640 1119 1696 ἐγχέασα
1149 1641 1363 1693 θῦδατος.

233 1717 313 1758 Ubi
342 1730 416 1769 pro
448 1712 608 1772 Μανίᾳ
637 1719 844 1758 Meursius
880 1722 1026 1772 reponi
1063 1723 1189 1762 voluit
1220 1719 1356 1778 Mczvy
1385 1718 1427 1764 ά.
1463 1724 1671 1778 Schweig-

230 1794 453 1834 haeuser-us
490 1799 627 1834 autem
664 1790 847 1836 furorem
884 1798 1103 1850 significari
1142 1802 1365 1851 existimat,
1403 1815 1482 1854 quo
1523 1803 1674 1842 cottabi

232 1873 329 1911 ludo
360 1873 543 1911 nonnulii
574 1872 701 1911 dediti
730 1874 897 1915 fuerint.
969 1877 1155 1916 Praestat
1183 1878 1262 1918 hoc
1291 1879 1408 1918 alteri
1437 1892 1555 1930 quam
1581 1886 1697 1931 pro-'-

232 1950 368 2001 posuit
407 1949 576 1997 rationi,
620 1962 697 2001 qua
741 1951 794 1989 de
822 1952 960 1991 Mania
990 1955 1207 1994 meretrice
1238 1957 1417 2008 cogitare
1446 1969 1520 1996 nos
1548 1957 1699 2005 iubet,⁴

236 2027 343 2077 qnod
372 2040 424 2065 ne
454 2032 684 2078 temporum
714 2029 878 2079 quidem
908 2030 1087 2070 rationes
1114 2033 1373 2083 permittunt,
1414 2038 1525 2073 certe
1562 2035 1597 2074 si
1625 2016 1697 2075 des

236 2105 362 2143 nobili
406 2104 477 2143 illa
513 2105 650 2144 Mania
696 2106 888 2157 cogitavit
941 2120 1060 2159 quam
1098 2109 1304 2149 Demetrio
1345 2111 1599 2152 Poliorcetae
1636 2113 1683 2154 in*

238 2181 394 2220 deliciis
423 2181 550 2221 fuisse
581 2187 749 2225 constat.
815 2184 898 2223 Sed
928 2185 1025 2236 quid
1063 2188 1215 2226 multa?
1256 2189 1442 2240 Utroque
1478 2187 1698 2234 Athenaei}

238 2259 329 2298 loco
358 2259 482 2297 verba
509 2259 566 2297 ita
595 2263 688 2299 sunt
718 2261 1004 2314 concipienda:
1047 2258 1289 2318 Ἀμειψίας
1323 2266 1370 2305 ἐν
1401 2261 1690 2307 ’Amazona-

239 2330 406 2383 βίζουσί
436 2346 575 2388 φησιν

400 2406 463 2452 ‘H
487 2407 659 2460 mavia,
690 2408 790 2466 φέρ’
821 2409 1028 2470 ὀξύβαφα
1056 2416 1129 2455 καὶ
1159 2414 1422 2473 κανθάρους,
1459 2422 1528 2471 ¹⁸)

243 2492 287 2527 ut
315 2489 466 2538 Mania,
496 2491 605 2544 quod
633 2504 776 2531 servae
805 2505 966 2544 nomen,
998 2494 1072 2535 cfr.
1095 2496 1294 2539 Athen.x
1320 2510 1361 2551 p.
1380 2498 1463 2542 578
1480 2499 1522 2539 b.
1552 2499 1677 2544 Scho-

304 2639 369 2690 ¹⁸)
402 2641 462 2681 Ita
490 2655 597 2684 nuuc
626 2645 754 2686 edidit
782 2646 1028 2687 Dindorfius.
