1702 3190
229 171 293 213 24
724 202 728 206 .
819 180 874 209 us
903 180 1151 209 aucromaus

230 281 379 322 eodem
411 289 538 331 opere
573 278 699 331 petita
738 283 832 319 sunt
869 291 973 332 quae
1007 281 1200 332 leguntur
1227 279 1336 333 apud
1365 279 1613 331 Hesychium
1641 292 1675 319 a.

231 368 270 398 v.
315 351 777 408 Κολακοφοροκλείδης
833 361 875 397 et
925 357 1035 410 apud
1077 357 1344 398 Scholiastam
1392 357 1676 410 Aristophanis

229 432 356 486 vesp.
400 434 507 474 1231
543 428 782 488 Ἀρμόδιος
821 433 868 473 δὲ
904 431 952 474 ἐν
985 433 1076 481 τοῖς
1110 421 1463 490 κωμῳδουμένοις
1497 434 1573 473 καὶ
1602 430 1678 473 τὸν

220 506 458 564 ”Λδμητον
486 505 650 562 ἀνάγει,
677 507 852 565 γραφὴν
880 510 1102 566 παραθεὶς
1129 507 1365 566 Κρατίνου.
1431 513 1515 554 Ubi
1542 514 1677 552 I-Iero-

229 589 310 629 dici
338 601 486 629 nomen
514 588 812 628 restituendum
842 602 932 629 esse
962 591 1062 629 vidit
1091 574 1339 630 Suevernius
1369 591 1596 630 Comment.
1627 590 1678 629 de

229 666 512 717 Aristophanis
548 666 664 706 Avib.
693 679 735 718 p.
763 668 830 707 28.
905 668 1100 708 Eiusdem
1145 672 1187 706 et
1228 669 1334 707 tituli
1375 671 1417 707 et
1452 667 1695 719 argumenti,

229 755 332 795 opus
385 743 596 782 ferebatur
651 744 864 783 Nicanoris
907 745 1170 786 Alexandrini
1207 746 1281 784 sub
1325 745 1533 784 Hadriano
1580 744 1678 783 clari

229 820 338 872 apud
368 821 534 860 Suidam
570 822 651 860 vol.
682 821 722 860 ll
758 835 798 873 p.
829 822 907 861 621
950 826 992 860 et
1018 823 1174 862 Eudoc.
1205 836 1246 875 p.
1277 824 1373 872 311,
1410 827 1452 861 et
1489 820 1679 862 Antiochi

228 898 491 943 Alexandrini
528 897 626 952 περὶ,
664 896 749 937 τῶν
776 896 822 937 ἐν
850 896 902 953 τῇ
937 897 1048 953 μέσῃ
1077 895 1282 954 κωμῳδίᾳ
1311 898 1680 954 ,Κωμῳδουμένων

229 973 424 1024 ποιητῶν
452 977 562 1028 apud
590 975 739 1017 Athen.
768 975 827 1016 XI
851 989 892 1027 p.
915 977 998 1016 482
1012 989 1047 1017 c.
1090 977 1289 1030 *Denique
1318 977 1494 1029 Telephi
1526 978 1679 1029 Perga·

229 1054 339 1094 meni
368 1054 538 1102 librum,
575 1053 617 1092 in
647 1066 726 1105 quo
764 1053 816 1092 de
844 1053 1091 1104 tragicorum
1120 1058 1162 1092 et
1190 1055 1438 1094 comicorum
1467 1058 1680 1106 poetarum

230 1130 330 1170 vitis
361 1133 616 1181 exposuerat,
646 1133 937 1169 commemorat
966 1130 1113 1172 Suidas
1141 1131 1222 1170 vol.
1252 1131 1313 1170 111
1341 1143 1382 1183 p.
1411 1131 1507 1171 46⁰.

341 1207 528 1247 Caesaris
573 1210 614 1246 et
653 1207 827 1259 Augusti
855 1207 1107 1259 temporibus
1141 1207 1249 1247 hanc
1275 1212 1433 1259 partem
1469 1209 1680 1248 literarum

229 1296 375 1336 magna
405 1296 496 1323 cum
527 1297 624 1324 cura
652 1284 871 1324 illustravit
883 1284 1108 1326 Aristarchi
1138 1285 1357 1337 discipulus
1386 1286 1580 1338 Didymus
1607 1287 1681 1327 ille

232 1360 550 1413 Chalcenterus,
587 1363 700 1402 cuius
730 1359 844 1411 λέξιν
871 1359 1062 1415 κωμικὴν
1090 1363 1273 1403 adhibuit
1301 1364 1554 1416 11esychiun,
1590 1365 1680 1416 ipso

232 1438 392 1480 fatente
431 1440 472 1479 in
509 1439 696 1490 Epistola
737 1439 788 1478 ad
824 1441 1059 1492 Eulogium.
1126 1441 1240 1481 Idem
1277 1453 1380 1494 opus
1415 1437 1466 1480 τὸ
1494 1439 1681 1493 κωμικὸν

231 1516 346 1561 audit
374 1517 480 1568 apud
511 1517 689 1568 Etymol.
719 1518 780 1558 M.
809 1531 849 1569 p.
867 1518 962 1567 492,
975 1518 1043 1568 53,
1074 1520 1143 1572 qui
1170 1521 1284 1559 locus
1312 1519 1474 1572 plenior
1503 1524 1611 1560 extat
1637 1521 1681 1561 in

232 1593 384 1634 Lexico
405 1594 506 1658 *MS
543 1595 652 1647 apud
698 1595 989 1636 Ruhnkenium
1029 1596 1165 1637 Praef.
1204 1598 1403 1650 Hesychii
1439 1611 1480 1650 p.
1511 1598 1581 1647 IX,
1609 1599 1681 1639 ubi

233 1684 337 1724 quae
366 1672 596 1724 disputatur
626 1672 679 1712 de
706 1685 808 1712 voce
836 1668 1011 1727 καρύκη,
1044 1687 1093 1714 ea
1117 1675 1159 1714 in
1196 1675 1286 1715 cod.
1306 1675 1435 1715 Paris.
1456 1676 1539 1715 Oro
1557 1676 1681 1716 tribui

232 1750 391 1791 monuit
418 1750 630 1790 Bekkerus
658 1751 814 1791 Anecd.
845 1751 916 1791 Gr.
933 1752 994 1792 111
1014 1765 1056 1804 p.
1072 1741 1195 1792 13‘86.
1251 1753 1316 1793 Ex
1345 1753 1490 1792 eodem
1519 1753 1682 1805 Didymi

233 1839 360 1879 opere
390 1827 509 1866 ducta
538 1827 728 1868 videntur
756 1828 859 1869 haee
891 1830 1000 1882 apud
1027 1829 1295 1870 Scholiastam
1323 1830 1529 1882 Apollonii
1544 1831 1681 1872 Rhod.

233 1904 267 1954 Ι,
298 1906 407 1945 1139
443 1905 554 1952 τινὲς
589 1903 636 1944 δὲ
674 1900 846 1962 ῥύμβον
881 1901 990 1946 αὐτὸ
1018 1905 1245 1956 καλοῦσιν,
1280 1897 1343 1946 ὦν
1380 1905 1474 1947 ἐστι
1501 1907 1575 1946 καὶ
1595 1903 1683 1947 Εὕ-

233 1979 359 2028 πολις
393 1979 440 2020 ἐν
466 1976 671 2030 ,Βάπταις
705 1983 779 2022 καὶ
807 1979 998 2037 Δίδυμος
1027 1985 1149 2038 (lege
1176 1980 1235 2033 ὥς
1262 1981 1478 2038 Δίδυμος)
1509 1990 1550 2026 et
1578 1999 1695 2039 quae,

233 2059 386 2100 ibidem
427 2061 621 2114 leguntur
663 2061 716 2101 ad
757 2062 828 2102 lib.
859 2063 918 2104 IV
955 2062 1065 2102 1058
1101 2061 1426 2116 στρευγομένοις
1471 2089 1528 2097 --
1569 2036 1702 2105 ὅθενΔῖ

231 2135 309 2178 καὶ
336 2134 498 2192 στρὰγξ
526 2133 552 2187 ἡ
587 2135 699 2178 κατὰ
727 2135 868 2193 βραχὺ
895 2134 1071 2193 πρόεσις
1094 2137 1183 2180 ’τοῦ
1223 2133 1395 2190 ὕδατος.
1455 2134 1566 2182 οὕτω
1607 2137 1684 2181 Δι’-

236 2212 386 2268 ὂυμος.
447 2218 536 2258 Nec
565 2217 705 2258 dubito
736 2219 834 2271 quin
862 2219 989 2258 multa
1018 2231 1122 2270 quae
1149 2219 1258 2271 apud
1288 2219 1542 2272 Hesychium
1571 2220 1684 2260 Pho-

234 2293 337 2333 tium
375 2295 559 2347 aliosque
595 2298 880 2348 grammaticos
922 2297 1045 2336 tacito
1082 2296 1260 2337 auctoris
1295 2297 1458 2337 nomine
1491 2297 1686 2349 leguntur·

237 2383 289 2411 ex
316 2372 462 2413 eodem
489 2373 606 2414 fonte
633 2375 837 2415 fluxerint.
894 2375 1114 2415 Praeterea
1127 2374 1324 2428 Didymus
1354 2375 1474 2415 etiam
1495 2375 1537 2414 in
1550 2374 1684 2426 Phry-

236 2448 403 2490 aicham
431 2450 582 2492 Athen.
613 2451 671 2492 IX
698 2466 740 2505 p.
769 2453 850 2493 371
866 2452 898 2502 f,
926 2453 969 2493 in
999 2452 1209 2493 Cratinum
1237 2453 1416 2505 Hesych.
1445 2464 1530 2491 s.v.
1560 2447 1685 2506 Κόρ-

236 2536 363 2572 σακις
399 2532 442 2567 et
479 2529 630 2570 Athen.
659 2530 719 2571 XI
745 2544 787 2584 p.
816 2530 897 2571 501
915 2544 953 2581 e,
988 2530 1030 2570 in
1057 2529 1329 2571 Menandrum
1363 2529 1544 2580 Etymol.
1574 2517 1702 2579 (iud-l

237 2615 281 2656 p.
308 2603 405 2653 338,
434 2603 490 2644 25
518 2605 702 2658 aliosque
728 2607 904 2649 fortasse
932 2610 1225 2649 commentatus
1255 2610 1331 2647 est.
1396 2606 1519 2647 Haud
1547 2605 1683 2658 dispar
1694 2599 1702 2663 1

237 2680 344 2724 Aelii
360 2680 543 2726 Theonis
558 2683 843 2737 etEpithersia
858 2685 1097 2727 Nicaeensis
1125 2684 1306 2726 studium
1332 2683 1426 2725 fuit.
1462 2685 1525 2725 De
1541 2666 1702 2729 Theo-l

1695 2723 1702 2758 [ᾗ

1693 2783 1702 2882 fi
