1702 3190
224 189 308 230 24⁰
819 194 1104 225 rnnoromrus.

227 290 422 343 Βατύλη.
487 294 602 345 Quae
637 292 780 332 eadem
814 293 1007 345 leguntur
1045 293 1152 346 apud
1181 293 1345 334 Suidam
1381 305 1414 333 s.
1452 304 1490 331 v.
1519 283 1665 329 vnto?-

229 385 336 429 ριον,
376 372 453 412 nisi
483 371 591 421 quod
619 371 654 409 is
682 368 757 408 καὶ
785 371 927 410 inserit
954 375 1047 411 ante
1082 350 1288 420 θηλείαξ,
1323 370 1433 409 unde
1461 367 1668 407 Bentleius

230 450 433 493 scribebat
469 446 542 486 καὶ
578 444 678 494 τοὺς
717 445 941 499 μαλακοὺς
976 448 1242 498 (Hemsterh.
1272 442 1480 498 μιαροὺς)
1518 442 1563 482 δὲ
1600 442 1670 481 καὶ

231 524 401 577 θήλεας
430 520 645 576 βατάλους
675 521 840 574 ἔλεγον,
872 526 978 576 quod
1009 527 1040 565 si
1070 521 1309 577 probamus,
1341 525 1462 562 etiam
1491 516 1671 569 Βατάλη

233 620 309 660 pro
349 599 528 652 Βατύλη
568 603 825 643 scribendum
867 616 957 642 esse
994 603 1148 642 monuit
1190 600 1536 640 Hemsterhusius.
1593 597 1676 637 Sed

232 684 337 724 haec
354 682 486 722 omnia
511 680 664 719 incerta
686 684 779 719 sunt
799 681 840 719 in
868 680 958 718 loco
990 681 1125 719 multis
1151 679 1465 718 dubitationibus
1494 675 1678 716 obnoxio.

346 761 557 810 Frequens
613 752 848 809 Εἰρήνης
905 758 1255 805 commemoratio,
1312 768 1390 807 qua
1440 755 1594 793 fabula-
1630 753 1680 792 ad

238 836 527 887 Aristophanei
562 835 752 874 dramatis
794 836 1000 887 exemplar
1037 848 1176 887 pacem
1213 848 1236 872 a
1265 838 1386 886 poeta
1416 833 1569 871 civibus
1600 831 1682 869 suis

239 914 560 955 commendatam
590 911 717 951 fuisse
748 925 771 951 e
800 912 1038 964 fragmentis
1066 913 1319 964 intelligitur.
1363 911 1468 952 Vide
1497 908 1681 960 inprimis

236 992 493 1032 Athenaeum
535 990 610 1030 XV
645 1003 686 1041 p.
726 991 809 1029 700
831 1004 867 1030 e.
890 990 912 1028 f
958 994 998 1028 et
1043 990 1254 1029 Pollucem
1292 989 1330 1028 X
1368 989 1462 1027 118.
1538 987 1687 1025 Cetera

242 1069 473 1119 fragmenta
508 1066 634 1104 iidem
671 1072 905 1115 servarunt,
944 1068 1178 1107 Athenaeus
1215 1066 1272 1104 IX
1309 1079 1348 1116 p.
1379 1065 1460 1103 374
1474 1064 1514 1102 b.
1553 1062 1634 1100 368
1650 1074 1685 1102 c.

243 1146 320 1186 XV
358 1158 398 1196 p.
440 1144 520 1182 652
537 1142 567 1190 f,
606 1142 753 1182 Pollux
788 1149 923 1183 autem
961 1145 1019 1183 111
1058 1145 1125 1183 27.
1163 1144 1203 1182 X
1240 1143 1335 1181 124.
1401 1142 1488 1180 Nec
1525 1139 1687 1179 aliunde

248 1223 369 1262 ducta
405 1221 595 1260 videntur
633 1234 736 1272 quae
785 1235 834 1261 ex
874 1223 1030 1260 incerta
1068 1221 1206 1260 fabula
1243 1219 1413 1271 protulit
1449 1216 1690 1256 Plutarchus

250 1299 448 1352 Lysandr.
485 1299 538 1337 13
569 1303 611 1337 et
641 1299 884 1338 Theodorus
914 1299 1095 1340 Metoch.
1125 1312 1164 1350 p.
1194 1299 1291 1337 792.

354 1369 670 1428 ‘Hffvxdpng
700 1389 779 1428 quo
809 1380 995 1428 tempore
1025 1381 1113 1416 acta
1129 1376 1194 1424 sit,
1223 1379 1309 1413 tum
1323 1372 1502 1411 Platonis
1519 1382 1693 1410 comme-

251 1454 424 1493 moratio
444 1453 592 1492 docere
612 1459 749 1504 potest
764 1454 871 1504 apud
888 1455 1005 1505 Diog.
1024 1455 1158 1492 Laert.
1176 1452 1234 1492 111
1265 1452 1332 1500 26,
1362 1454 1446 1489 tum
1461 1461 1558 1488 vero
1575 1448 1695 1487 etiam

253 1544 302 1571 ex
332 1536 572 1582 argumento
602 1531 764 1570 fabulae
793 1531 1047 1583 intelligitur,
1078 1529 1186 1581 quod
1212 1521 1450 1568 amatorium
1468 1526 1596 1565 fuisse
1626 1525 1698 1563 do-

253 1613 348 1648 cent
377 1609 648 1659 Harpocratio
684 1622 725 1661 p.
755 1609 838 1648 210
875 1613 917 1647 et
955 1609 1110 1648 scholia
1139 1606 1421 1658 Aristophanis
1457 1603 1565 1642 Plut.
1603 1601 1697 1641 768.

255 1686 374 1728 Adde
404 1685 514 1736 quod
542 1686 584 1724 in
615 1686 693 1724 hac
712 1686 831 1725 etiam
853 1686 990 1725 fabula
1010 1686 1213 1724 Peronem
1239 1682 1565 1735 unguentarium,
1594 1680 1700 1723 Ana?

255 1763 462 1804 xandridis
516 1764 754 1814 aequalem,
812 1768 1114 1802 commemorat.
1199 1762 1292 1802 Vid.
1340 1760 1572 1800 Athenaeus
1627 1748 1702 1803 XV

256 1855 298 1893 p.
336 1842 417 1879 690
434 1855 469 1887 a,
514 1841 582 1891 qui
621 1842 791 1880 eandem
830 1841 1008 1880 fabulam
1048 1842 1338 1879 commemorat
1379 1836 1454 1876 vn
1492 1848 1531 1886 p.
1568 1834 1650 1872 308
1667 1844 1702 1880 ι.

259 1919 422 1958 Nomen
449 1918 612 1957 fabulae
653 1933 735 1958 non
768 1913 1014 1970 ‘Hcihzapag
1051 1917 1150 1964 fuit,
1188 1919 1233 1954 ut
1270 1916 1399 1954 visum
1429 1916 1492 1952 est
1522 1910 1702 1972 Meursio

258 1996 363 2034 Bibl.
394 1997 477 2034 Att.
506 2009 547 2047 p.
577 1996 684 2035 1618
714 1998 745 2036 B
778 2000 818 2035 et
848 1994 1239 2046 Schweighaeusero
1271 1992 1322 2030 ad
1343 1991 1599 2030 Athenaeum
1629 1973 1702 2028 Vlsl

261 2085 302 2124 p.
317 2073 399 2110 308
418 2085 455 2120 a,
475 2073 549 2110 sed
576 2067 843 2126 Ἰλόυχάρης,
861 2087 939 2124 quo
959 2072 1165 2111 hominem
1181 2069 1336 2108 deliciis
1360 2074 1401 2107 et
1419 2067 1623 2107 amoribus
1640 2065 1702 2104 de-

264 2149 392 2188 ditum
415 2148 531 2198 (fort.
544 2149 776 2202 Platonem)
789 2146 1019 2203 significare
1036 2148 1212 2188 voluisse
1234 2146 1394 2185 videtur
1406 2134 1702 2195 Theopompus.

380 2227 416 2266 Τ
429 2227 456 2264 h
471 2239 520 2265 es
533 2238 590 2265 eu
604 2240 664 2276 m,
695 2229 738 2267 in
760 2242 838 2280 quo
856 2229 959 2268 lsaei
973 2226 1219 2266 mentionem
1236 2223 1382 2262 factam
1402 2235 1491 2262 esse
1507 2215 1702 2267 Plutarch.

268 2288 367 2344 dicit
393 2305 487 2344 vitis
517 2304 605 2343 dec.
637 2309 739 2344 orat.
769 2319 809 2357 p.
840 2306 921 2344 839
938 2305 967 2353 f,
997 2303 1163 2342 laudant
1179 2304 1390 2352 praeterea
1407 2299 1552 2339 Suidas
1567 2286 1702 2348 aliique

267 2382 517 2435 grammatici
535 2393 566 2419 s.
585 2394 623 2420 v.
639 2375 873 2435 ἀβυρτάκη,
890 2383 1038 2422 Athen.
1066 2380 1123 2419 111
1139 2393 1179 2431 p.
1193 2379 1249 2417 82
1262 2391 1283 2416 c
1313 2381 1353 2416 et
1367 2377 1572 2416 Antiattic.
1589 2389 1628 2426 1¹·
1647 2371 1702 2416 88.

323 2457 339 2466 ”
380 2459 801 2509 Callaeschrum‚
841 2474 920 2512 quo
960 2459 1123 2499 nomine
1156 2457 1277 2495 etiam
1315 2454 1553 2506 Ophelionia
1583 2449 1702 2491 sabula

269 2537 502 2585 ferebatur,
541 2536 707 2576 minime
737 2540 808 2579 illa
838 2552 861 2578 a
890 2538 1042 2578 Critiae
1069 2539 1187 2586 patre
1227 2533 1431 2571 nominata
1456 2533 1547 2582 ³⁴),
1591 2529 1702 2569 Athe·

331 2636 402 2685 ³⁴)
433 2635 579 2685 Lysiae
609 2638 838 2679 orationem
867 2650 942 2689 pro
973 2634 1234 2676 Callaeschro
1265 2633 1462 2672 habemus
1490 2629 1596 2682 apud
1624 2625 1702 2668 Pol

381 2691 515 2730 lucem
547 2690 583 2729 X
614 2691 708 2732 105.
767 2694 854 2734 Cfr.
883 2694 994 2732 idem
1022 2692 1065 2731 in
1094 2691 1209 2730 Erat.
1237 2702 1278 2742 p.
1309 2688 1405 2729 255.
