1702 3190
227 181 309 219 1⁰8
867 188 1051 217 murone.

224 295 312 329 tare
342 289 525 336 soleant,
556 301 624 328 eas
654 288 833 340 Eupolin
861 289 903 327 in
932 289 1020 339 ipsa
1049 287 1208 327 actione
1237 283 1511 339 spectatorum
1539 288 1668 328 oculis

223 366 438 414 subiicere,
468 369 514 405 ut
545 366 614 415 qui
642 370 823 404 mortuos
853 379 902 404 ex
929 365 1074 404 inferis
1104 364 1296 404 excitatos
1324 366 1365 406 in
1394 378 1554 404 scenam
1571 378 1682 417 pro-2¹

223 442 344 481 ducat
373 445 414 481 et
443 442 495 481 de
524 443 647 482 rebus
678 443 728 481 ad
758 444 927 481 civitatis
958 442 1343 481 administrationem
1372 443 1678 493 pertinentibus„

222 521 388 559 consilia
419 520 607 559 conferre
635 520 769 572 saciat.
806 522 875 570 ⁵⁵)
939 522 1053 570 Quae
1091 519 1141 557 ad
1169 514 1340 570 Δήμους
1367 519 1545 558 fabulam
1575 533 1683 571 spe->3¹

221 601 331 636 ctare
368 597 475 642 infra
513 598 760 636 docebimus«.
828 598 1021 636 Ceterum
1057 598 1128 636 illa
1166 601 1417 635 mortuorum
1448 598 1497 636 ab
1526 597 1667 655 inferis

221 676 408 713 excitatio
458 687 539 713 non
578 676 711 726 potuit
747 675 843 725 quin
887 676 1175 714 sublimitatem
1217 675 1415 726 quandam
1453 675 1682 726 Eupolidis⁵

219 752 337 802 poesi
373 752 623 803 impertiret,
660 753 733 791 sed
763 765 851 791 eam
881 752 1170 791 sublimitatem
1210 764 1314 802 quae
1359 752 1583 790 venustatis
1625 755 1668 791 et

223 829 451 879 elegantiae
481 829 684 867 illecebris
714 829 884 867 miritice
914 833 1022 868 esset
1042 832 1279 880 temperata.
1318 827 1527 868 Platonius
1547 829 1681 876 enims>

219 897 364 958 ὥσπερ
391 903 510 943 ἐστὶν
539 900 718 960 ὑψηλός,
748 907 890 958 inquit,
920 899 1031 944 οὕτω
1059 904 1134 944 καὶ
1161 901 1354 959 ἐπίχαρις
1384 904 1458 944 καὶ
1487 904 1583 957 περὶ
1612 900 1667 942 τὰ

222 982 446 1035 σκέμιιιατα
477 979 696 1034 εὔστοχος,
737 996 814 1035 qua
852 985 1015 1036 quidem
1056 984 1282 1036 elegantiae
1309 983 1430 1022 laude
1457 982 1535 1034 ipsi
1564 982 1666 1021 adeo

219 1061 482 1112 Aristophani
510 1061 684 1112 palmam
723 1074 817 1099 eum
847 1062 1118 1112 praeripuisse
1155 1061 1347 1111 deinceps
1388 1059 1499 1098 addit
1534 1071 1680 1110 gram-1

220 1140 403 1177 malicus.
471 1140 533 1178 Ab
575 1139 716 1177 eadem
754 1139 903 1176 virtute
943 1137 1198 1176 commendat
1226 1138 1404 1189 Eupolin
1434 1136 1667 1177 Macrobius

218 1215 302 1254 Sat.
334 1215 410 1255 Vll
439 1216 481 1255 5.
538 1217 657 1266 Quod
687 1221 822 1255 autem
851 1214 947 1268 περὶ
975 1210 1031 1251 τὰ
1059 1212 1286 1265 σκέμματα
1311 1209 1513 1265 εὔστοχος
1539 1212 1679 1254 fuisse}

219 1292 386 1340 dicitur,
427 1293 469 1331 id
508 1306 748 1344 quamquam
785 1293 895 1332 haud
932 1293 1070 1344 inepte
1107 1292 1157 1330 ad
1187 1296 1321 1342 aptam
1359 1294 1401 1330 et
1430 1282 1665 1333 concinnam
1700 1311 1702 1323 ι

218 1375 548 1421 argumentorum
575 1371 880 1422 dispositionem
901 1370 1006 1409 trahi
1024 1382 1147 1422 posse
1166 1369 1339 1417 videtur,
1371 1370 1517 1410 collato
1536 1371 1664 1410 Scho-
1700 1364 1702 1398 ἶ

217 1446 334 1485 liasta
371 1448 581 1499 Aristopli.
613 1449 720 1487 Nub.
750 1448 847 1496 542,
885 1448 955 1486 ubi
991 1447 1190 1486 habemus
1228 1443 1459 1501 κωμῳδίαν
1495 1436 1541 1486 εὗ
1580 1434 1702 1486 διε-’ἶ

218 1522 460 1576 σκεμμέιην
495 1528 537 1548 ‘0
522 1526 584 1576 6),
622 1537 703 1564 non
743 1525 974 1564 dubitamus
1011 1528 1148 1563 tamen
1194 1524 1290 1574 quin
1320 1526 1528 1566 Platonius
1567 1540 1667 1580 περι
1698 1532 1702 1555 ³

217 1597 274 1639 τὰ
303 1597 545 1654 σκώμματα
575 1604 770 1655 scriptum
798 1602 1024 1653 reliquerit,
1053 1603 1099 1640 ut
1126 1600 1168 1639 in
1198 1602 1377 1641 dicteriis
1406 1607 1448 1643 et
1477 1605 1693 1645 conviciis

216 1679 411 1718 iaciendis
451 1680 671 1719 concinnus
709 1685 751 1718 et
787 1680 1021 1732 ingeniosus
1056 1677 1185 1717 fuisse
1226 1679 1398 1718 dicatur.
1464 1681 1566 1722 Eius
1601 1682 1665 1721 rei
1697 1686 1702 1715 t

218 1757 284 1795 vel
313 1757 354 1796 in
383 1757 623 1809 fragmentis
649 1758 856 1796 luculenta
879 1757 1140 1809 reperiuntur
1169 1756 1373 1808 exempla,
1404 1770 1574 1809 quorum
1603 1758 1665 1797 af-
1696 1760 1702 1816 t

217 1834 330 1873 ferre
360 1835 539 1874 sufficiat
566 1835 752 1887 inprimis
780 1834 1044 1875 memorabile
1070 1835 1119 1873 ab
1133 1834 1344 1874 Athenaeo
1362 1835 1458 1878 XIV
1484 1850 1526 1889 p.
1548 1836 1628 1876 646
1645 1835 1669 1875 f
1695 1818 1702 1881 *i

216 1916 445 1953 servatum:

598 1982 683 2038 ‘'Og·
706 1985 897 2045 χαρίτων
923 1991 1002 2044 μὲν
1030 1984 1128 2040 ὄζει,

607 2065 877 2120 καλλαβίδας
907 2067 952 2108 δὲ
981 2065 1136 2121 βαίνει,

606 2143 860 2200 σησαμίδας
889 2146 933 2186 δὲ
959 2145 1079 2201 χέζει,

606 2223 725 2277 μῆλα
755 2224 799 2266 δὲ
825 2225 1101 2281 χρέμπτεται.

275 2359 345 2409 ⁸⁵)
375 2358 490 2398 Haec
519 2359 695 2400 Platonii
731 2362 949 2401 verborum
983 2360 1265 2412 interpretatio
1304 2358 1447 2411 quibus
1484 2356 1660 2396 difficul-

323 2415 473 2453 tatibus
502 2416 662 2455 laboret
691 2429 798 2456 nunc
826 2419 915 2469 ipse
943 2418 1072 2470 probe
1101 2416 1300 2467 intelligo.
1340 2413 1660 2452 Probabiliorem

325 2470 393 2520 qui
423 2484 569 2511 eruere
596 2473 748 2522 volent,
777 2480 871 2514 ante
901 2475 1034 2514 omnia
1058 2485 1162 2525 quae
1181 2474 1372 2521 corrupta
1399 2473 1492 2508 sunt
1522 2480 1660 2507 emen·
1698 2517 1699 2520 Ἴ

327 2526 423 2564 dare
455 2527 673 2568 debebunt.
1676 2550 1702 2561 .,.

275 2581 345 2629 ⁸⁰)
375 2582 533 2622 Eodem
571 2597 693 2624 sensu
722 2586 972 2625 scholiastae
1001 2581 1207 2633 Aristoph.
1239 2580 1335 2620 Pac.
1365 2578 1448 2618 794
1487 2557 1670 2618 restituo
1698 2584 1702 2631 j

330 2632 556 2686 &capas-„7⁶4
594 2640 638 2676 δὲ
676 2636 813 2680 αὐτὸν
850 2639 1103 2687 (Xenoclem
1133 2637 1386 2699 tragicum)
1395 2630 1454 2680 ὠς
1470 2625 1688 2688 νωθρὸνῐ
1698 2679 1702 2686 ,.

327 2703 425 2744 πευι
451 2691 506 2731 τὰ
535 2695 761 2745 σκέιιματα
791 2710 865 2747 pro
904 2697 1013 2735 edito
1042 2690 1185 2733 νόθον
1213 2691 1310 2746 περὶ
1338 2687 1393 2730 τὰ
1419 2687 1699 2742 κλέμματα
1700 2719 1702 2722 ⁴
