1702 3190
614 166 926 199 rennuentes.
1450 146 1509 189 26

16 279 265 323 *nesciamus
293 273 507 318 Grannum
544 273 587 313 tn
626 270 815 323 Odyssea
849 266 903 307 ad
937 266 1066 306 risum
1105 263 1340 316 iocumque,
1368 262 1511 305 detor-

34 358 198 413 quenda
227 356 414 407 aliosque
444 353 624 393 comicos
651 350 694 390 in
723 349 900 389 aliorum
927 345 1142 397 epicorum
1158 327 1408 384 carminibus
1436 355 1511 397 pa·-

34 439 151 481 rodia
180 436 372 477 ludendis
401 433 577 474 eandem
606 433 802 482 sequutus
833 438 927 467 esse
954 423 1158 464 rationem
1194 423 1280 474 ³⁴).

148 516 232 557 Sed
273 501 510 568 priusquam
553 510 712 560 reliqua
759 507 811 546 de
850 505 1031 546 Chirone
1079 507 1122 543 et
1157 502 1296 554 Agriis
1338 501 1515 543 dicenda

36 609 276 651 persequar,
308 593 419 633 haud
448 591 728 642 importunum
756 585 887 626 fuerit
915 583 1194 636 quaesivisse,
1224 582 1317 633 quis
1344 582 1513 622 tandem

34 677 163 718 fuerit
186 676 278 722 ille,
316 673 382 712 cui
411 670 480 710 alii
511 667 773 708 Pherecratis
804 665 1030 706 Chironem
1068 661 1386 701 adiudicandum
1414 674 1515 702 ceu-

34 767 173 804 ·uere‚
202 749 502 796 Nicomachus3
541 759 664 798 quam
694 745 981 798 quaestionem
1010 742 1091 782 nisi
1120 740 1352 793 defugisset
1379 741 1514 782 Hein-

33 834 213 881 dubius,
251 828 364 870 haud
400 827 486 868 scio
524 840 576 867 au
605 826 648 865 id
678 826 874 865 aliorsum
906 824 996 863 eius
1025 822 1275 862 sententiam
1304 821 1513 862 traxisset.

19 911 238 956 *Athenaei
274 909 398 949 verba
435 908 508 948 lib.
545 906 648 948 VIII
685 919 728 958 p.
758 903 842 944 364
872 917 897 943 a
932 903 1038 942 haec
1075 904 1192 941 sunt:
1230 897 1305 940 ἐπὶ
1343 898 1425 940 νοῦ
1459 894 1515 940 οὐ

33 986 335 1045 λαμβάνοντες
370 982 427 1026 τὰ
461 979 670 1040 εἰρημένα
700 978 787 1023 ὑπὸ
815 980 896 1023 τοῦ
925 978 1005 1021 τὸν
1037 976 1244 1035 Χείρωνα
1273 975 1516 1029 πεποιηκό-

34 1082 125 1120 τος,
161 1066 246 1108 εἴτε
282 1060 556 1120 Φερεκράτης
591 1061 714 1103 ἐστὶν
752 1060 837 1102 εἴτε
866 1056 1123 1114 Νικόμαχος
1158 1056 1183 1101 ὁ
1222 1056 1460 1115 ρυθμικός,
1484 1053 1516 1110 ἢ

37 1142 160 1197 ὅστις
204 1141 389 1197 δήποτε,
423 1145 496 1185 ubi
531 1147 743 1196 postrema
780 1143 907 1183 verba
942 1135 971 1190 ἢ
1010 1133 1133 1187 ὅστις
1177 1136 1343 1189 δήποτε
1387 1142 1423 1182 si
1462 1141 1517 1182 ad

35 1229 227 1284 proxime
261 1224 549 1267 antecedentia
585 1217 610 1261 ὁ
649 1215 873 1277 ῥυθμι-κός
901 1224 1112 1273 spectant,
1151 1233 1298 1260 sensus
1334 1220 1418 1260 loci
1447 1220 1518 1261 hic

21 1309 139 1358 ›erit‚
175 1306 279 1346 alios
316 1304 542 1346 Chironem
582 1300 847 1348 Pherecrati,
885 1299 989 1340 alios
1019 1300 1271 1340 Nicomacho
1308 1300 1516 1350 tribuisse,

22 1388 124 1428 nive
158 1388 195 1427 is
224 1380 250 1425 ὁ
277 1378 501 1442 ῥυθμικὸς
538 1381 666 1421 fuerit
696 1380 784 1420 sive
819 1379 925 1420 alius
965 1380 1153 1432 quidam
1191 1381 1256 1420 sin
1292 1380 1519 1421 remotiora

24 1466 298 1515 icontinuant,
341 1460 426 1503 εἴτε
460 1454 735 1516 Φερεκράτης
771 1456 856 1498 εἴτε
897 1455 1173 1513 Νικόμαχος,
1219 1464 1409 1513 apertum
1453 1464 1520 1505 est

26 1545 120 1586 «dici
153 1549 342 1585 veterum
382 1543 620 1583 criticorum
662 1541 716 1579 de
752 1543 924 1580 auctore
962 1540 1155 1580 Chironis
1196 1539 1395 1580 iudicium
1434 1554 1520 1583 non

28 1625 147 1666 stater
175 1625 280 1665 duos
309 1624 384 1663 sed
412 1624 556 1676 plures
583 1622 821 1661 fluctuasse.
881 1622 998 1673 Quae
1027 1620 1063 1661 si
1091 1633 1190 1660 vera
1220 1625 1286 1661 est
1311 1622 1521 1675 interpre-

28 1705 171 1755 tatio,
209 1704 355 1744 licebit
394 1704 542 1757 opinor
570 1702 696 1742 etiam
726 1701 944 1742 Platonem
970 1701 1014 1741 in
1042 1700 1094 1740 iis
1124 1711 1344 1741 numerare
1371 1703 1522 1754 poetis,

26 1788 48 1821 κ’

16 1879 149 1940 “’”’ὶ’“)
181 1887 297 1939 Ipsas
326 1884 419 1925 illas
432 1883 609 1925 Hesiodi
637 1876 876 1931 ὑποθήκας
903 1880 1074 1920 fuerunt
1104 1881 1174 1933 qui
1202 1881 1398 1933 parodiae
1428 1882 1523 1924 lusu

153 1945 298 1983 risisse
327 1943 405 1982 sibi
434 1942 736 1994 persuaderent
754 1938 1073 1991 Aristophanem
1087 1936 1382 1978 Δαιταλεῦσιν
1411 1941 1525 1992 apud

152 1999 437 2053 Phrynichum
460 1999 559 2039 Eoi.
589 2001 672 2039 Att.
702 2011 744 2051 p.
765 1998 834 2037 91.
894 1996 977 2035 Sed
1007 1996 1088 2035 hoc
1119 1995 1284 2048 quidem
1315 1997 1408 2036 loco
1439 2011 1523 2038 non

155 2057 393 2105 intercedo,
440 2055 658 2108 quominus
696 2068 789 2094 cum
828 2053 1072 2093 Heinrichio
1116 2066 1190 2092 eae
1237 2054 1525 2106 intelligantur

155 2110 410 2164 ὑποθῆκαι,
452 2113 602 2165 quibus
630 2106 778 2165 ’Ἔργα
815 2123 890 2150 sua
919 2111 1080 2150 ornavit
1106 2111 1339 2160 Hesiodus3
1382 2125 1526 2163 quam-

157 2185 278 2224 quam
319 2170 429 2222 quod
458 2170 691 2209 necessario
729 2169 780 2208 ad
810 2168 918 2207 hanc
954 2169 1157 2207 rationem
1193 2169 1525 2220 amplectendam

158 2242 234 2268 nos
265 2233 397 2279 cogat,
424 2227 527 2265 nihil
557 2239 703 2265 causae
733 2226 867 2264 video.
930 2225 1074 2263 Minus
1104 2225 1226 2263 etiam
1246 2226 1402 2264 Cratini
1432 2239 1526 2265 ver-

159 2285 224 2324 sui
265 2283 481 2323 tribuerim
523 2284 633 2334 apud
673 2282 905 2334 Hephaest.
950 2280 967 2319 I
1006 2281 1047 2328 3,
1091 2282 1134 2320 in
1181 2293 1263 2332 quo
1304 2278 1527 2334 Χείρωνος

162 2329 406 2388 ὑποθηκῶν
443 2341 696 2380 mentionem
739 2339 833 2378 fieri
872 2338 1104 2390 suspicatus
1143 2342 1206 2376 est
1241 2338 1526 2381 Gaisfordius:

163 2393 330 2448 σκῆψιν
357 2394 451 2448 μέν,
474 2394 703 2449 Χείρωνες,
732 2391 956 2445 ἐλήλυμεν,
984 2390 1042 2441 ὠς
1071 2389 1308 2444 ὑποθήκας
1337 2415 1392 2422 -—
1409 2399 1527 2438 cuius

163 2453 244 2493 loci
273 2465 473 2506 perquam
503 2453 693 2505 ambigua
723 2458 786 2492 est
814 2452 1032 2500 sententia,
1062 2456 1109 2491 ut
1137 2452 1178 2490 in
1209 2458 1399 2493 neutram
1431 2467 1526 2506 par-

165 2515 251 2550 tem
288 2510 442 2562 aliquid
480 2515 656 2550 statuas:
705 2507 873 2562 σκῆψιν
908 2513 1068 2559 autem,
1109 2509 1220 2561 quod
1256 2510 1339 2550 fuit
1377 2512 1446 2562 qui
1483 2511 1527 2551 in

167 2564 345 2617 Σκῆψιν
381 2557 583 2615 mutan-et,
620 2566 733 2606 idem
769 2570 834 2606 est
870 2566 982 2618 quod
1018 2560 1269 2620 πρόφασιν,
1314 2569 1396 2608 hoc
1434 2568 1528 2609 fere

168 2636 315 2664 sensu:
350 2625 598 2664 accessimus
636 2624 689 2663 ad
718 2637 814 2673 vos,
850 2624 1075 2672 Chirones,
1113 2636 1165 2664 eo
1204 2625 1369 2676 quidem
1406 2639 1528 2677 prae-

167 2684 303 2729 textu,
339 2685 388 2720 nt
424 2677 660 2730 ὑποθήκας
698 2685 779 2721 etc.
852 2681 1113 2733 Sequebatur
1156 2681 1270 2723 haud
1313 2683 1439 2723 dubie
1483 2682 1528 2723 ln

169 2738 363 2791 proximis
388 2733 496 2794 ἔργῳ
525 2736 570 2778 δέ
601 2751 746 2779 revera
774 2741 912 2780 autem
942 2743 988 2779 ut
1020 2762 1093 2777 —-.
