1702 3190
213 175 240 214 4
778 182 830 210 ΒΡ.
859 180 1108 210 ‚mr-cromnus

213 285 416 335 aliquanto
448 281 600 320 rectius
630 279 810 320 iudicare
840 280 956 319 nobis
986 280 1143 320 liceret.
1211 280 1331 320 Nunc
1365 293 1488 330 vero,
1533 284 1579 321 ut
1610 281 1662 322 de
1697 246 1702 319 l

217 361 366 401 ceteris
413 371 494 397 non
538 358 672 396 minus
718 358 907 408 gravibus
947 360 1126 403 taceam,
1174 369 1226 396 ne
1265 358 1453 396 scenicae
1498 356 1702 408 quidem

218 438 470 476 Graecorum
510 435 671 485 poesios
709 446 831 473 unam
863 435 1083 486 alteramve
1124 435 1279 484 partem
1314 434 1370 472 ita
1406 448 1431 473 a
1461 448 1662 486 quoquam
1698 422 1702 428 ¹

215 515 455 566 explicatam
484 515 684 559 tenemus,
713 515 760 550 ut
780 515 974 562 quantum
1006 511 1218 549 effecerint
1244 511 1286 549 in
1316 523 1364 549 ea
1381 511 1526 550 Graeci
1542 512 1663 563 plane

212 594 472 644 perspectum
508 589 744 628 habeamus.
816 589 920 628 Nam
951 589 994 628 «si
1029 600 1099 627 eos
1129 600 1299 639 quorum
1325 588 1484 639 integra
1519 601 1664 639 super-

214 672 311 708 sunt
349 680 473 719 opera
514 667 746 717 exceperis,
793 668 1026 705 ceterorum
1066 666 1108 706 in
1146 665 1225 704 hoc
1260 677 1413 716 genere
1449 668 1663 716 poetarum

214 745 426 785 historiam
463 745 551 795 quis
580 755 758 794 unquam
788 743 949 794 dignam
977 742 1140 791 habuit,
1177 743 1220 781 in
1250 755 1329 793 qua
1355 743 1411 781 ita
1436 742 1665 783 elaboraret

218 827 266 862 ut
294 835 444 874 operae
473 821 648 873 pretium
674 820 825 859 secisse
851 821 1142 860 existimandus
1170 820 1252 859 sit?
1281 820 1399 868 Quod
1429 822 1497 872 qui
1525 821 1668 860 faeere

215 900 342 948 volet,
370 903 452 937 tam
478 899 689 950 copiosam
715 898 948 948 inquire-ndi
973 897 1282 948 disserendique
1300 899 1509 937 materiam
1538 898 1664 937 liabe-

212 977 295 1025 bit,
324 977 389 1015 vix
418 980 465 1016 ut
494 977 613 1016 unius
643 974 838 1022 hominis,
868 975 1048 1025 quamvis
1076 975 1265 1013 industrii
1292 978 1336 1012 et
1364 975 1577 1024 laboriosi,
1605 975 1665 1015 vi-

214 1067 286 1094 res
315 1058 428 1095 tanto
457 1058 622 1103 tamque
651 1053 733 1092 late
762 1053 919 1104 patenti
954 1052 1073 1103 operi
1101 1051 1348 1090 suffecturae
1378 1064 1470 1090 esse
1499 1053 1664 1092 videan-

213 1136 296 1172 tur.
354 1133 497 1181 Itaque
534 1131 575 1167 in
611 1133 724 1167 tanta
759 1130 821 1168 rei
856 1128 1125 1179 amplitudine
1152 1128 1416 1167 vehementer
1444 1129 1665 1180 optandum

214 1212 299 1256 est,
335 1211 383 1247 ut
419 1207 522 1246 alius
560 1207 684 1245 alium
722 1207 857 1246 locum
894 1206 972 1245 sibi
1010 1204 1263 1243 tractandum
1301 1205 1445 1256 eligat:
1483 1206 1592 1256 quod
1627 1207 1664 1246 si

212 1285 270 1324 ita
312 1288 361 1323 nt
397 1284 486 1335 ipse
524 1283 613 1322 eius
648 1284 713 1339 :rei
748 1285 926 1335 speciem
962 1283 1096 1321 animo
1127 1295 1218 1320 meo
1254 1282 1470 1322 informavi
1511 1282 1665 1323 factum

214 1361 366 1410 fuerit,
402 1360 658 1412 deperditam
689 1361 938 1400 Graecorum
972 1373 1136 1399 scenam
1172 1360 1288 1410 quasi
1324 1361 1430 1399 vitae
1465 1361 1664 1401 redditam

215 1451 402 1489 novaque
431 1438 525 1477 luce
554 1438 831 1478 collustratam
857 1438 1112 1477 habebimus.
1155 1437 1239 1476 Sed
1267 1450 1319 1476 ue
1347 1437 1434 1488 ipse
1463 1442 1545 1478 tam
1578 1440 1665 1479 lau-

220 1515 365 1555 dabilis
393 1516 567 1554 instituti
595 1516 750 1554 otiosus
789 1520 995 1567 spectator
1023 1515 1208 1563 sedeam,
1248 1514 1500 1566 aliorumque
1529 1517 1665 1567 potius

214 1605 337 1645 quam
366 1607 498 1632 meam
534 1594 861 1644 qualemcunque
899 1606 1064 1645 operam
1102 1592 1143 1630 in
1173 1592 1349 1630 iucundo
1388 1591 1459 1630 illo
1489 1594 1667 1643 quidem,

214 1670 290 1710 sed
335 1671 479 1709 eodem
525 1675 695 1722 propter
739 1670 957 1708 multarum
994 1682 1132 1708 rerum
1171 1669 1435 1708 difficultates
1469 1669 1666 1721 impedito

214 1746 357 1786 labore
394 1749 547 1790 versari
585 1748 692 1787 velle
729 1748 887 1794 xitlear,
926 1760 1165 1798 quamquam
1202 1748 1443 1785 haberemus
1479 1746 1666 1798 profecto

217 1833 344 1872 quare
380 1824 512 1862 literis
551 1824 701 1862 nostris
735 1826 1060 1874 gratularemur,
1098 1824 1132 1862 si
1167 1824 1407 1863 eruditiores
1444 1823 1518 1862 viri
1549 1827 1589 1861 et
1617 1824 1667 1863 ab

215 1898 374 1950 ingenii
405 1901 533 1951 copiis
562 1901 840 1940 instructiores
869 1902 972 1940 hane
1003 1915 1167 1952 operam
1194 1901 1346 1952 imponi
1374 1901 1451 1939 sibi
1478 1904 1668 1951 pateren-

215 1978 303 2024 tur,
341 1980 476 2016 tamen
512 1979 706 2017 invitante
736 1979 948 2017 occasione
977 1980 1066 2030 ipse
1095 1979 1215 2017 etiam
1245 1990 1406 2026 eorum,
1446 1990 1549 2030 quae
1578 1991 1667 2018 eam

216 2053 260 2092 in
288 2066 377 2092 rem
407 2055 580 2093 collecta
617 2055 771 2104 liabeo,
809 2057 1050 2107 particulam
1087 2057 1260 2106 aliquam
1300 2056 1531 2106 speciminis
1576 2055 1667 2094 loco
1701 2088 1702 2091 ,

220 2131 403 2171 delibare
441 2133 735 2184 doctorumque
771 2133 980 2172 hominum
1018 2134 1178 2172 iudiciis
1215 2134 1416 2172 subiicere
1445 2133 1552 2185 apud
1582 2133 1667 2171 ani·
1700 2149 1701 2152 ¹

220 2220 332 2247 mum
369 2212 573 2250 constitui.
635 2211 692 2250 Et
728 2223 821 2249 cum
858 2212 1035 2250 comicae
1075 2212 1246 2250 maxime
1282 2211 1442 2262 poesios
1472 2209 1669 2260 cognitio-
1698 2204 1702 2249 ξ

221 2297 317 2323 nem
346 2298 527 2326 mancam
558 2291 599 2326 et
626 2287 909 2339 imperfectam
938 2302 1028 2328 esse
1058 2289 1370 2335 intellexissem,
1398 2287 1506 2326 haud
1534 2287 1669 2336 ingra-
1698 2318 1702 2342 Ξ

220 2365 308 2401 tum
336 2376 402 2402 me
430 2364 576 2403 harum
604 2365 814 2404 literarum
845 2365 1067 2405 cultoribus
1091 2365 1294 2404 facturum
1312 2378 1403 2403 esse
1432 2362 1667 2410 existimavi,
1696 2357 1702 2433 1¹

221 2439 256 2478 si
287 2440 543 2480 comicorum
579 2455 820 2493 graecorum
860 2442 1071 2483 historiam
1111 2443 1248 2495 paullo
1287 2439 1510 2478 accuratius
1539 2437 1668 2490 expli·
1694 2441 1702 2487 ᾗ

221 2517 389 2555 caudam
416 2519 511 2556 mihi
542 2531 758 2558 sumerem.
818 2521 908 2569 Qua
930 2521 972 2559 in
1001 2533 1061 2565 re,
1091 2531 1142 2556 ne
1169 2516 1398 2567 disputandi
1427 2516 1596 2554 materia
1623 2515 1667 2556 in
1693 2532 1695 2556 ι

220 2594 461 2632 immensum
492 2598 717 2642 cresceret,
746 2593 852 2632 hanc
881 2594 980 2632 mihi
1009 2594 1144 2644 legem
1174 2593 1274 2641 dixi,
1304 2598 1349 2633 ut
1377 2607 1458 2633 non
1488 2593 1666 2632 omnium
1691 2602 1695 2635 l

222 2673 433 2722 poetarum
462 2670 504 2710 in
533 2671 611 2711 hoc
640 2682 792 2722 genere
822 2671 1024 2713 clarorum
1052 2670 1261 2711 historiam
1290 2672 1556 2724 explicarem,
1591 2670 1665 2711 sed
1690 2678 1692 2725 ᾗ
