1702 3190
223 171 307 212 456
847 180 1054 209 mruums.

223 284 484 321 memoratur.
552 279 642 320 Non
681 278 822 319 dubito
859 282 995 319 tamen
1035 279 1132 331 quin
1170 279 1302 331 ipsum
1330 279 1434 321 illud
1468 277 1674 334 Τιθραῦ-.

223 370 328 407 στης
365 357 565 410 genuinus
603 356 766 396 fabulae
806 357 948 396 titulus
985 356 1132 406 fuerit,
1167 356 1287 396 modo
1323 370 1376 397 ne
1411 360 1526 400 illum
1565 361 1668 402 Thi·-

222 439 405 475 trausten
446 435 677 486 intelligas,
729 435 842 474 cuius
881 435 1090 474 admonuit
1129 434 1561 487 Schweighaeuserus‚
1598 438 1667 489 qui

224 526 348 565 quum
386 513 617 553 Artaxerxis
654 511 780 551 fuerit
821 512 901 573 duit
935 513 1059 562 belli,
1111 512 1398 564 Tissaphernis
1444 526 1666 566 successor,

222 595 470 630 memoratus
509 590 687 629 Diodoro
726 590 807 630 Sic.
837 590 933 631 XIV
971 591 998 629 8
1036 591 1219 642 aliisque,
1256 589 1378 630 facile
1413 591 1668 643 intelligitur,

222 668 389 719 Diphilo
419 667 582 706 fabulae
612 672 893 718 argumentum
923 668 1122 719 praebere
1152 681 1232 707 non
1262 668 1458 720 potuisse.
1500 666 1679 707 Πλιν-ιῑ

221 741 472 798 θοφόρος
513 744 702 784 laudatur
730 745 936 785 Antiattic.
965 758 1004 796 p.
1037 744 1114 783 101
1146 745 1174 784 4
1215 750 1256 784 et
1292 746 1327 785 si
1356 749 1469 785 recte
1498 745 1677 787 coniiciot

223 823 272 862 ab
303 823 520 862 Eustathio
552 821 603 861 ad
620 821 742 860 Hom.
770 834 811 872 p.
830 822 938 860 1479
967 822 1036 861 46.
1066 819 1184 860 Πολ
1197 834 1262 861 vn
1275 818 1412 876 ράγμ
1425 834 1492 862 ων
1520 823 1681 867 Athen...

221 900 280 943 Vl
308 914 350 952 p.
380 899 502 939 225a
541 904 582 938 et
621 897 768 939 Photio
802 899 898 938 Lex.
928 911 960 939 s.
991 912 1028 939 v.
1061 897 1279 954 ῥαγδαῖος.
1350 894 1537 954 Πύρρα
1573 901 1684 942 Aru-z

222 990 332 1019 mon.
374 977 508 1017 differ.
545 976 660 1015 verb.
696 988 738 1027 p.
769 976 836 1016 61.
903 976 965 1016 De
1000 977 1287 1029 Sapphone
1323 991 1446 1031 supra
1485 978 1685 1020 diximus-⁴

221 1053 267 1095 Σ
274 1051 519 1101 ικελικός
563 1053 752 1093 laudatur
789 1066 812 1092 a
850 1053 1020 1094 Polluce
1057 1054 1115 1095 IX
1155 1056 1225 1105 81,
1272 1055 1349 1096 nisi
1393 1068 1467 1108 pro
1504 1055 1685 1108 Diphilo.

223 1133 475 1173 Philemonis
506 1145 653 1171 nomen
690 1131 984 1172 restituendum
1014 1135 1089 1173 est.
1154 1134 1260 1175 Vide
1288 1146 1392 1185 quae
1421 1133 1593 1173 diximus
1621 1132 1673 1174 ad
1701 1153 1702 1156 ¹

225 1210 402 1251 Philem.
423 1211 570 1263 fragm.
586 1224 625 1262 p.
642 1209 743 1250 383.
783 1205 1020 1262 Σχεδίαν
1047 1211 1227 1263 Etymol.
1247 1211 1308 1252 M.
1336 1225 1378 1264 p.
1395 1211 1477 1251 683
1504 1211 1572 1261 24,
1601 1210 1672 1252 ubi

228 1301 322 1329 cum
348 1289 470 1341 vulgo
503 1290 657 1328 editum
686 1288 739 1327 sit
773 1283 922 1326 Φίλων
952 1286 998 1326 δὲ
1025 1282 1305 1341 μνημονεύει,
1337 1288 1592 1329 Gaisfordius
1619 1288 1673 1330 ad

223 1367 398 1407 Hesiod.
428 1381 467 1419 p.
498 1367 582 1405 112
620 1377 669 1404 ex
699 1366 774 1404 MS
804 1366 971 1406 Dorvill.
1001 1368 1220 1421 legendum
1250 1379 1343 1406 esse
1373 1366 1511 1407 docuit
1539 1362 1670 1422 Δίφι-

227 1441 301 1491 λος
330 1441 376 1482 ἐν
403 1438 567 1497 Σχεδὶςι
594 1438 863 1494 μνημονεύει.

335 1521 530 1575 Sequitur
558 1520 696 1559 fabula
708 1517 752 1557 Σ
759 1514 1292 1570 υναποθνήσκοντες
1318 1522 1527 1575 inscripta,
1555 1522 1672 1563 cuius
1698 1543 1699 1547 =

223 1599 383 1640 nullum
431 1601 621 1650 superest
669 1597 958 1650 fragmentum.
1025 1599 1129 1639 Eam
1171 1600 1297 1641 latine
1338 1601 1461 1642 vertit
1502 1595 1686 1641 Plautus?

224 1679 336 1717 teste
365 1676 562 1716 Terentio
593 1676 704 1715 Prol.
733 1677 907 1729 Adelph.
936 1676 991 1715 10
1019 1690 1106 1729 sqq.
1687 1723 1690 1726 ,

336 1754 905 1807 Synapothnescontes
935 1755 1088 1807 Diphili
1117 1755 1330 1795 comoedia
1358 1758 1451 1806 cstg-
1676 1751 1696 1791 ἐζ

341 1846 432 1873 eam
462 1832 880 1872 Commorientes
910 1833 1080 1872 Plautus
1108 1832 1209 1873 fecit
1235 1829 1431 1874 fassulam.
1673 1822 1696 1885 3}

336 1911 385 1951 In
413 1923 560 1963 graeca
589 1911 830 1951 adulescens
860 1915 935 1960 est,
965 1911 1034 1964 qui
1061 1911 1199 1951 lenoni
1229 1911 1352 1963 eripit
1674 1900 1699 1973 ιζ’.

333 1989 594 2028 meretricem
623 1990 665 2028 in
695 1989 824 2041 prima
852 1989 1009 2029 fabula:
1041 2001 1135 2028 eum
1165 1989 1333 2028 Plautus
1361 1988 1498 2029 locum
1667 1971 1702 2032 Q

333 2065 754 2124 reliquit-integrum3
784 2080 878 2106 eum
905 2066 974 2106 hic
1002 2066 1137 2105 locum
1165 2066 1338 2118 sumpsit
1366 2067 1444 2106 sibi
1677 2045 1692 2119 ζ’

334 2141 378 2182 ἰη
406 2143 640 2195 Adelph0s;
670 2145 840 2184 verbum
867 2144 920 2184 de
949 2144 1074 2183 verbo
1104 2156 1341 2197 expressum
1369 2144 1527 2184 extulit.
1683 2144 1687 2149 ’

224 2217 312 2259 cfr.
341 2231 447 2270 quae
476 2221 557 2260 dixi
587 2222 638 2260 ad
668 2222 886 2263 Menandri
914 2221 1139 2274 Adelphos.
1195 2223 1357 2262 Titulus
1386 2222 1550 2262 fabulae
1576 2218 1686 2274 spe-t

223 2299 307 2335 ctat
336 2297 388 2336 ad
417 2302 599 2337 mutuam
628 2300 1050 2340 coniunctissimorum
1090 2301 1312 2340 amicorum
1351 2300 1561 2340 caritatem
1588 2310 1685 2355 unnq

223 2374 452 2426 eademque
487 2376 589 2415 hora
620 2390 669 2415 ex
705 2378 786 2416 vita
824 2379 1024 2418 excedere
1065 2379 1330 2431 cupientium.
1396 2378 1483 2418 Cfr.
1519 2362 1683 2425 Sturzm

223 2451 394 2492 nissen-t.
436 2454 489 2493 de
530 2455 769 2494 consuetud.
813 2457 1165 2496 commorientium
1204 2458 1338 2496 Gerae
1366 2457 1491 2496 1790.
1556 2455 1682 2495 Idem

221 2535 507 2584 argumentum
535 2532 578 2572 in
608 2534 849 2585 cognomine
877 2534 1016 2574 sabula
1044 2535 1227 2574 tractavit
1255 2535 1406 2575 Alexis.

332 2605 687 2664 Στρατιώτην
701 2611 880 2651 fabulam
898 2624 1020 2664 supra
1035 2613 1241 2665 attigimus
1256 2627 1297 2666 p.
1308 2613 1404 2654 451.
1433 2606 1675 2665 Σύντροινῒ

222 2696 318 2739 φοι
345 2686 815 2741 laudanturssarpocrat.
838 2701 878 2742 p.
893 2689 949 2729 55
979 2690 1046 2731 1⁰.
1075 2687 1384 2745 Συνωρίὸος
1413 2691 1561 2745 duplex
1585 2686 1660 2729 fuit
