1702 3190
421 125 542 161 mro.
599 130 809 161 amincus.
866 130 1161 162 raoumcums·
1430 118 1514 160 481

43 233 367 279 adscribebatur.
456 231 586 272 Idem·
625 232 771 272 vitium
814 237 1090 284 occupaverat
1143 231 1406 272 Athenaeum
1427 228 1430 231 ’
1452 232 1516 275 111

41 328 87 370 p.
114 314 239 355 1⁰30
275 315 318 353 et
347 311 427 353 V11
465 325 507 364 p.
537 312 620 352 279
637 324 675 361 a,
718 310 790 351 ubi
826 304 1070 357 Πλάτωνος
1106 308 1518 361 Συνεξαπατῶν

41 393 306 440 laudabatur,
346 403 451 443 quae
480 390 621 431 fabula
649 395 765 430 recte
793 390 871 432 XV
909 403 950 442 p.
981 390 1102 430 6781·
1127 392 1275 431 Batoui
1306 391 1515 433 tribuitur.

40 473 227 516 Platonis
267 471 361 511 illas
396 470 557 510 fabulas
596 483 688 510 esse
724 483 807 510 non
836 482 960 522 posse
990 470 1516 523 certissimisargumentis

39 551 164 593 docui
201 551 253 591 ad
289 550 510 590 Menandri
545 546 868 600 Πωλουμένους
909 562 950 601 p.
994 549 1092 588 150.
1158 549 1355 590 Ceterum
1395 555 1516 593 vetus

40 644 136 672 esse
165 631 309 671 vitium
340 643 363 670 e
393 629 519 670 Suida
547 627 807 679 intelligitur,
839 632 1058 680 utramque
1088 627 1271 667 fabulam
1300 629 1343 669 in
1375 630 1515 671 Plato-

40 711 144 751 nicis
174 712 456 749 enumerante.
500 708 551 749 V.
581 719 706 759 supra
735 720 777 759 p.
809 707 906 747 166.
947 709 1250 760 Argumentum
1278 707 1515 750 fabularum

38 789 207 830 Batonis
235 788 410 827 maxime
439 788 481 827 in
509 786 734 827 irridendis
780 787 850 838 qui
888 786 973 827 illis
1011 787 1270 839 temporibus
1308 787 1518 829 florebant

36 866 314 921 philosophis,
345 867 510 920 Cynicis
540 866 691 906 Stoicis
720 867 963 919 Epicureis,
994 867 1177 920 positum
1206 867 1338 907 fuisse
1377 880 1401 908 e
1429 867 1517 910 fra-

37 947 215 1000 gmentis
244 947 501 999 intelligitur,
534 958 669 998 eoque
699 949 860 999 spectat
891 946 1017 985 etiam
1048 946 1264 986 Plutarchi
1289 947 1420 987 locus.

32 1102 172 1158 χαῖος.
202 1101 289 1142 τῶν
318 1099 557 1158 δραμάτων
587 1100 726 1143 αὐτοῦ
761 1098 771 1111 ‘
789 1100 1169 1157 Υποβαλλόμεναι.
1228 1107 1389 1146 Eadem
1419 1108 1516 1147 Sui-

37 1184 124 1234 das,
154 1183 233 1224 nisi
264 1184 374 1236 quod
405 1185 529 1224 verba
557 1179 744 1236 κωμικὸς
772 1177 953 1237 ἀρχαῖος
983 1185 1149 1226 omittit.
1190 1186 1247 1226 Et
1277 1190 1393 1225 recte
1424 1186 1516 1238 qui-

35 1263 153 1303 dem:
209 1245 304 1302 nam
343 1277 475 1304 novae
513 1264 753 1305 comoediae
790 1268 958 1317 poetam
1003 1264 1135 1304 fuisse
1181 1265 1403 1317 Epinicum
1446 1266 1516 1305 vel

34 1341 118 1383 hoc
147 1342 395 1382 documento
426 1343 686 1395 intelligitur,
715 1344 826 1395 quod
851 1343 1087 1383 fabularum
1110 1356 1233 1384 unam
1259 1348 1367 1382 teste
1382 1344 1516 1383 Athe-

33 1434 138 1464 naeo
168 1421 208 1463 X
236 1435 279 1475 p.
311 1422 395 1463 432
414 1423 452 1462 b.
523 1423 936 1475 Mnesiptolemi
974 1424 1141 1463 nomine
1171 1424 1403 1476 inscripsit,
1443 1424 1514 1475 qui

34 1501 118 1543 fuit
145 1502 412 1542 historiarum
443 1502 621 1555 scriptor
650 1515 824 1555 magnae
854 1502 965 1555 apud
996 1502 1247 1543 Antiochum
1277 1503 1338 1542 M.
1370 1507 1514 1543 aucto·

36 1581 194 1635 ritatis,
233 1594 284 1621 ex
319 1593 400 1632 quo
431 1582 597 1634 Epiuici
627 1586 804 1622 aetatem
843 1582 954 1621 inter
984 1582 1274 1635 Olympiadem
1312 1582 1427 1622 CXX
1455 1607 1515 1614 -—

39 1660 192 1701 CXXX
220 1659 405 1701 incidere
435 1661 701 1702 manifestum
732 1665 808 1702 est.
867 1661 1074 1703 Athenaei
1103 1661 1209 1701 haec
1239 1661 1365 1700 verba
1395 1664 1514 1700 sunt:

34 1733 257 1787 Ἐπίνικος
295 1736 427 1792 γοῦν,
480 1739 860 1793 ΒΙνησιπῑ-ολέμου
910 1735 1162 1793 ἀνάγνωσιν
1209 1738 1515 1793 ποιησαμένου

35 1814 123 1858 τῶν
162 1816 367 1874 ἱστοριῶν
414 1816 461 1859 ἐν
499 1810 570 1867 αἷς
606 1818 846 1874 ἐγέγραπτο
885 1814 942 1868 ὠς
979 1817 1190 1867 Σέλευκος
1228 1813 1512 1875 ἆπηλφίτισε,

34 1893 211 1953 γράψας
248 1895 396 1954 δρᾶμα
435 1894 816 1952 ὒΙνησιπτόλεμον
854 1899 932 1940 καὶ
976 1898 1198 1956 κωμῳδῶν
1240 1895 1389 1950 ἀυτόν,
1436 1899 1514 1941 καὶ

34 1960 134 2034 ιιερὶ
162 1975 238 2028 τῆς
266 1973 435 2027 πόσεως
465 1979 561 2027 ταῖς
590 1976 755 2019 ἐκείνου
771 1975 994 2034 χριόμενος
1012 1979 1199 2035 φωναῖς,
1228 1976 1407 2028 ἐποίησε
1439 1977 1515 2019 λε’-

0 2101 3 2116 Ξ
33 2069 172 2111 γοντα
206 2056 296 2099 κτλ.
365 2060 498 2110 Quam
539 2051 674 2099 ‘Yno
689 2054 1041 2111 βαλλόμεναι
1079 2059 1292 2113 inscripsit
1326 2058 1512 2099 fabulam

0 2121 3 2187 Ῐ
34 2130 174 2179 nudat
202 2138 442 2178 Athenaeus
470 2138 531 2178 XI
559 2152 600 2190 p.
630 2140 714 2178 469
731 2153 767 2179 a.
797 2139 883 2178 497
897 2152 934 2178 a.
965 2139 1050 2179 500
1066 2139 1099 2179 f.
1227 2171 1239 2177 ,

5 2234 11 2295 ¹}
148 2215 552 2265 PHOENICIDES,
595 2217 902 2269 Megarensis,-
933 2230 1055 2269 quem
1099 2229 1226 2269 quum
1270 2216 1513 2270 Hesychius

4 2300 9 2350 ζ
38 2307 72 2335 s.
101 2307 140 2334 v.
184 2289 375 2334 δύνασαι
414 2293 586 2335 σιωπᾶν
622 2296 829 2349 Dionysiis
869 2297 1036 2337 urbanis
1065 2297 1258 2349 Antigoni
1288 2301 1330 2336 et
1359 2296 1513 2349 Pyrrhi

4 2355 8 2380 ἰ
37 2372 188 2413 foedus
214 2373 364 2415 lusisse
380 2375 502 2426 dicat,
533 2379 722 2428 apertum
753 2380 816 2417 est
846 2377 934 2416 eius
966 2380 1143 2416 aetatem
1174 2378 1282 2416 inter
1299 2377 1511 2429 Olympia-

39 2452 135 2491 dem
154 2452 515 2495 CXXV—-CXXX
531 2456 767 2507 ponendam
799 2470 891 2496 esse
909 2455 1153 2508 fabulasque
1175 2456 1367 2497 docuisse
1382 2457 1512 2497 Athe-

4 2545 6 2564 ιι
40 2530 105 2570 nis
127 2531 290 2571 circiter
306 2533 550 2586 Olympiade
568 2537 792 2576 centesima
822 2536 1016 2576 vicesima
1045 2536 1233 2588 septima.
1264 2536 1347 2576 Sed
1363 2536 1512 2587 dignus

3 2606 6 2614 ⁴
41 2613 104 2649 est
141 2609 341 2662 Hesychii
383 2612 499 2653 locus
547 2615 617 2667 qui
661 2619 773 2657 totus
817 2615 1073 2656 adscribatur
1123 2615 1204 2656 vol.
1244 2615 1262 2655 1
1309 2628 1350 2666 p.
1382 2613 1510 2653 1041.

2 2700 7 2711 ·
37 2682 238 2745 Δύνασαι
274 2688 464 2731 σιωπᾶν;
502 2690 676 2747 πρῶτόν
714 2707 829 2749 φασι
857 2691 1118 2746 Φοινικίδην
1158 2692 1392 2748 ῧΙεγαρέα,
1430 2705 1515 2731 κω-

97 2778 194 2814 Hist.
213 2779 288 2815 crit.
316 2779 416 2813 Com.
443 2791 558 2823 graec.
1188 2772 1242 2812 31

150 1025 430 1066 EPlNlCUS.
499 1026 687 1066 Eudocia
723 1039 766 1078 p.
805 1024 903 1064 166.
947 1019 1170 1071 Ἐπίνικος
1206 1022 1397 1078 κωμικὸς
1433 1021 1518 1080 ἄρ-
1585 1065 1602 1075 ‚
