1702 3190
616 148 948 180 anxmnmes.
1427 137 1511 182 871

37 250 179 297 fabula
214 242 478 303 Γεωγράᾳος
515 248 755 292 dicitur'ob
795 250 1008 292 Antiattio.
1044 263 1086 304 p.
1117 251 1202 293 104
1244 247 1514 308 κιννάβαρις,

37 325 273 385 ἀρσενικῶς
303 323 666 384 ’.Αναξανδρὶδης
694 322 961 385 Γεωγράφῳ,
995 331 1068 370 ubi
1106 331 1250 372 itidem
1282 328 1516 390 Ζωγράφῳ

37 410 327 464 corrigendum
377 414 494 463 puto.
572 410 638 449 Ad
683 410 876 459 eundem,
922 423 1045 462 quem
1089 412 1369 452 Antiatticista
1417 419 1514 454 ante

36 490 181 531 oculos
224 490 382 539 habuit,
426 490 565 530 locum
612 489 786 541 respicit
830 488 1133 530 Grammaticus
1174 491 1305 530 Bekk.
1350 494 1513 534 Anecd.

32 582 78 623 Ρ.
107 569 219 609 1208
261 561 443 623 εὕρηται
484 563 607 622 παρὰ
649 561 972 623 Ἀλεξανδρίδῃ
1012 594 1069 600 -
1111 565 1192 608 τὸν
1235 563 1512 626 κιννάβαριν.

34 649 168 690 Son-ih.
201 642 549 702 Ἀναξανδρίδῃ.
618 647 815 687 Ceterum
853 646 961 687 hanc
997 648 1180 689 fabulam
1219 649 1270 689 ab
1300 648 1392 688 aliis
1424 650 1512 690 Ha-

33 728 127 780 giae
155 727 222 767 vel
251 728 421 779 Augeae
451 725 646 765 tributam
685 738 800 775 esse,
845 727 987 767 nescio
1025 741 1077 768 an
1118 741 1170 769 ex
1207 728 1287 768 alia
1317 729 1512 770 Antiatti-

31 806 162 846 eistae
198 806 337 858 glossa
369 818 412 858 p.
443 805 526 844 113
554 805 576 843 1
612 816 705 844 cum
746 804 930 846 Pollucis
968 806 1062 847 loco
1103 812 1340 861 comparata
1370 809 1512 861 colligi

28 885 186 939 possit:
216 880 400 945 Πυξίον,
432 875 546 923 ὅπου
580 881 623 923 οἱ
652 878 875 939 ζωγράςιοι
902 880 1164 940 γράφουσιν.
1218 881 1383 937 (Λγίας
1412 887 1514 926 Ζω-

29 958 199 1019 γράφῳ.
276 964 476 1005 Eiusdem
524 964 635 1003 tituli
670 963 833 1004 fabulas
874 965 1131 1018 scripserunt
1172 966 1431 1019 Antiphanes
1469 971 1514 1007 et

32 1043 241 1097 Diphilus.
280 1043 501 1098 Pomponii
532 1043 780 1084 Pictores
809 1043 1013 1085 habemus
1043 1045 1154 1098 apud
1169 1045 1351 1087 Nonium
1379 1042 1523 1100 pluri-x

17 1122 108 1169 rhus
138 1123 255 1164 locis.

143 1203 384 1254 Sequuntur
405 1195 674 1256 Ἡρακλῆς
704 1201 814 1255 apud
830 1202 983 1243 Athen.
998 1202 1100 1244 XIV
1127 1215 1170 1256 p.
1201 1203 1284 1244 638
1301 1218 1337 1245 c.
1384 1201 1514 1244 Θετ-

29 1279 193 1339 maoz
229 1282 339 1335 apud
375 1282 586 1322 Antiattic.
626 1297 666 1336 p.
700 1283 796 1323 106.
869 1277 1163 1337 Θησαυρὸς
1204 1283 1315 1335 apud
1357 1284 1512 1324 Athen.

18 1359 89 1406 'lv
117 1375 159 1415 p.
191 1363 273 1402 176
288 1375 325 1402 a.
353 1361 431 1403 XV
460 1376 501 1415 p.
533 1362 617 1402 694
637 1375 674 1403 e.
739 1357 955 1411 Θησεὺς
986 1363 1096 1416 apud
1127 1363 1339 1403 Antiattic.
1369 1377 1411 1415 p.
1443 1364 1511 1413 96,

28 1440 203 1495 Diogen.
234 1442 373 1481 Laert.
405 1441 465 1480 Ill
505 1442 573 1491 26,
616 1442 700 1482 ubi-
727 1442 834 1482 male
876 1443 1172 1483 Hemsterhus.
1215 1443 1266 1482 ad
1297 1443 1511 1495 Aristoph.

28 1519 140 1562 Plut.
178 1534 219 1574 p.
250 1521 347 1561 323.
410 1517 681 1577 Θησαυρῷ
717 1522 784 1561 vel
821 1519 956 1574 Τηρεῖ
980 1522 1133 1574 corrigi
1164 1522 1308 1561 voluit.
1370 1522 1513 1562 The-

31 1612 176 1641 seum
207 1601 438 1641 docuerunt
471 1602 595 1641 etiam
625 1602 928 1652 Aristonymus,
960 1600 1275 1654 Theopompus,
1305 1600 1512 1652 Diphilus.

30 1674 372 1734 Κανηφόρος
401 1680 510 1733 apud
541 1681 765 1721 Stobaeum
795 1680 887 1720 Ecl.
919 1680 1045 1733 Phys.
1067 1680 1106 1720 11
1137 1681 1160 1719 1
1192 1694 1235 1733 p.
1266 1681 1305 1729 6,
1335 1680 1406 1719 ubi
1435 1679 1513 1719 fal-

29 1760 131 1801 litur
159 1760 408 1810 Hem-euius,
439 1773 533 1800 cum
562 1755 831 1815 Κανηφόροι
861 1759 1127 1800 scribendum
1155 1762 1287 1811 putat,
1320 1759 1513 1810 quoniam

28 1919 108 1960 dm
145 1933 170 1960 a
204 1919 340 1960 Nonio
379 1920 545 1960 laudata
580 1925 720 1960 utrum
759 1932 810 1959 ex
849 1918 1072 1959 Menandri
1119 1931 1170 1958 an
1208 1918 1508 1958 Anaxandridis

29 1992 287 2054 Κανηῳόρῳ
330 2012 525 2052 expressa
580 2000 634 2040 sit
677 2000 883 2040 incertum
928 2002 1004 2038 est.
1094 1992 1357 2051 Κερκύων
1398 1997 1510 2050 apud

20 2077 183 2119 Athen.
214 2078 276 2118 111
305 2092 347 2132 p.
377 2081 459 2119 106
476 2094 512 2129 a,
549 2079 621 2119 ubi
661 2079 773 2132 quod
808 2080 857 2123 in¹
890 2077 1079 2118 omnibus
1115 2078 1232 2118 libris
1270 2078 1425 2131 legitur
1466 2074 1514 2115 ἐν

30 2151 81 2192 δὲ
112 2151 304 2210 Κερκίω,
334 2157 554 2197 Reinesius
584 2157 756 2198 Defens.
787 2159 884 2200 Var.
917 2158 1032 2196 Lect.
1065 2169 1105 2208 p.
1137 2157 1193 2195 72
1223 2156 1266 2196 ἰη
1298 2149 1516 2209 Κερκύουι

14 2234 230 2303 'mutavit‚
271 2234 457 2275 Porsono
497 2247 575 2275 nec
614 2237 815 2288 probante
854 2249 931 2275 nec
968 2235 1244 2286 improbante.
1320 2232 1515 2274 Κιθα-

15 2305 266 2376 [ρίστρια
295 2314 404 2365 apud
435 2314 650 2354 Pollucem
680 2314 719 2355 X
751 2316 848 2356 172.
882 2311 1200 2364 Κυνηγέται
1231 2314 1341 2366 apud
1356 2314 1511 2354 Athen.

0 2372 94 2459 {ivl
123 2404 165 2443 p.
194 2392 323 2432 2471:
388 2389 931 2448 Κωμωδοτραγωδία
971 2394 1080 2446 opud
1118 2394 1330 2433 Antiattic.
1368 2405 1410 2446 Ρ.
1442 2394 1512 2443 87,

0 2431 117 2525 ἶξηῙῑιο
162 2470 282 2510 titulo
325 2472 447 2512 etiam
491 2474 667 2513 Alcaeus
705 2472 887 2512 fabulam
932 2473 1155 2525 inscripsit.
1235 2472 1341 2513 Vide
1390 2485 1513 2525 supra

0 2557 77 2601 η).
107 2549 205 2589 247.
270 2548 585 2606 Λυκοῦργος
629 2552 740 2605 apud
769 2553 921 2593 Athen.
953 2553 1013 2592 111
1056 2567 1096 2605 Ρ.
1130 2551 1212 2591 105
1230 2551 1261 2591 f.
1318 2546 1512 2603 Λοκρί-

16 2624 124 2676 ῑδες
153 2630 263 2682 apud
293 2631 463 2672 Antiatt.
492 2646 534 2686 p.
569 2632 662 2673 106.
695 2627 1019 2679 Μελίλωτος
1048 2630 1201 2673 Athen.
1233 2631 1270 2671 X
1301 2643 1341 2682 p.
1371 2625 1458 2670 460
1475 2641 1511 2668 e.

17 2706 135 2752 mlv
163 2722 207 2763 p.
236 2709 320 2750 654
334 2709 366 2750 f.

1146 2787 1201 2826 24
1234 2787 1253 2807 ⁸

26 1837 182 1881 chorus
213 1853 237 1879 e
267 1841 515 1893 canephoris
545 1841 790 1881 constiterit.
831 1839 1011 1892 Turpilii
1042 1839 1144 1878 can
1162 1838 1393 1891 ephorus
1419 1827 1513 1891 passs
1598 1840 1602 1844 ”
