1702 3190
623 165 902 202 nartem-sne.
1414 142 1503 192 82⁹

27 277 191 322 ναικῶν
218 266 510 322 ἀποσκώπτει,
538 272 611 313 ubl
640 267 905 311 scribendum
937 257 1192 320 Μαλθάκῃ.
1250 257 1501 306 Cfr.''1'heo-

31 360 169 414 philus
205 355 410 399 Athenaei
446 353 549 395 XIII
588 366 630 405 p.
661 350 744 391 587
760 347 791 398 f,
837 346 911 387 ubi
947 357 1041 385 cum
1080 343 1289 385 Nannario
1330 344 1506 386 coniun-

31 438 155 492 gitur,
1116 494 1126 508 r

830 513 999 544 τουτων
1027 512 1128 540 τινα

199 581 263 631 ὦν
292 587 554 644 ἐμπλέκουσι
582 584 672 632 τοῖς
701 579 838 630 λίνοις
866 580 915 622 αἱ
943 575 1210 635 μαστροποί,

205 665 235 723 ἢ
263 664 519 723 Ναννάριον
546 660 576 715 ἢ
605 658 887 712 ΖΠαλθάκην.

36 751 242 794 Lucienus
282 749 389 788 rhet.
418 758 554 799 praee.
585 745 665 786 vol.
695 743 756 784 111
794 757 835 796 p.
863 743 919 782 13
954 733 1274 794 ὑπομειδιάσας
1308 733 1361 778 τὸ
1397 736 1511 792 γλα-

0 886 1 890 ,
35 826 177 886 φυρὸν
204 825 339 867 ἐκεῖνο
367 824 442 866 καὶ
472 818 660 874 ἁπαλὸν,
680 817 961 862 Αὐτοθαΐδα
993 816 1074 869 τὴν
1103 814 1299 874 κωμικὴν
1325 812 1355 868 ἢ
1374 816 1512 859 Μαλ-

0 904 188 959 νθάκην
231 901 260 957 ἢ
305 902 530 960 Γλυκέραν
577 899 677 942 τινὰ
719 895 1025 957 μιμησάμενος
1071 897 1132 955 τῷ
1178 899 1396 954 προσηνεῖ
1431 894 1512 940 τοῦ

0 985 2 1064 '
37 987 316 1044 φθέγματος.
387 984 660 1026 Melissam
702 984 902 1024 habemus
946 982 1057 1035 apud
1096 981 1323 1022 Stobaeum
1361 979 1510 1021 Floril.

37 1221 200 1282 τορύνη
229 1220 452 1265 Μέλισσα.
509 1222 594 1263 Sed
629 1221 735 1262 haee
763 1222 969 1263 Athenaei
1006 1221 1136 1262 fuerit
1173 1222 1372 1273 aequalis.
1432 1222 1516 1262 lta-

41 1318 124 1359 que
153 1317 244 1345 eam
271 1303 410 1356 potius
439 1301 654 1342 Melissam
683 1301 972 1351 intellexerim,
1003 1314 1126 1353 quam
1154 1304 1301 1354 postea
1331 1301 1518 1342 Maniam

30 1383 194 1426 dietam
224 1395 318 1423 esse
346 1381 574 1421 memoriae
599 1380 783 1433 prodidit
811 1381 965 1421 Macho
996 1381 1106 1434 apud
1135 1381 1396 1422 Athenaeum
1412 1379 1518 1422 xm

40 1477 86 1518 ι».
113 1462 198 1503 578
212 1475 249 1503 e.
307 1462 415 1502 Neo
427 1461 546 1510 ttis,
578 1460 695 1500 cuius
725 1460 892 1500 nomine
922 1461 1046 1501 etiam
1076 1461 1270 1502 Anaxilas
1301 1464 1343 1501 et
1372 1461 1518 1502 Eubu-

33 1541 110 1583 ¹lus
123 1541 286 1582 fabulas
304 1540 618 1593 inscripserunt,
633 1545 981 1580 commemoratur
995 1541 1212 1582 Athenaeo
1229 1540 1291 1580 111
1320 1554 1362 1594 p.
1382 1541 1466 1581 108
1479 1554 1519 1584 e.

44 1621 128 1664 vn
163 1634 207 1674 p.
236 1619 319 1661 223
332 1633 370 1670 e,
407 1619 479 1659 ubi
515 1619 676 1659 ridetur
706 1620 1009 1661 Demosthenes
1048 1625 1221 1674 propter
1257 1620 1396 1662 lusum
1424 1635 1520 1663 ver-

46 1700 195 1742 borum
225 1696 382 1738 δοῦναι
410 1703 453 1739 et
481 1692 751 1747 ἀποδοῦναι,
789 1713 839 1740 ex
878 1713 959 1752 quo
999 1701 1182 1741 fabulam
1214 1701 1322 1740 eirca
1353 1701 1520 1754 Olymp.

49 1779 146 1821 CIX
181 1780 210 1819 2
256 1779 451 1831 scriptam
489 1792 583 1819 esse
621 1780 828 1820 coniicere
865 1781 978 1821 lieet.
1053 1781 1142 1821 Cfr.
1183 1781 1366 1821 Clintoni
1406 1782 1521 1823 Fast.
1600 1784 1602 1787 ’

49 1859 218 1902 Hellen.
247 1873 291 1912 p.
316 1858 400 1898 153
428 1859 501 1899 Kr.
559 1860 748 1912 Denique
776 1860 1162 1901 Archistratam
1192 1859 1294 1909 sive,
1324 1874 1431 1913 quae
1460 1861 1526 1902 le-

50 1940 196 1994 gitima
223 1939 348 1979 huius
377 1940 556 1979 nominis
592 1939 727 1979 forma
764 1939 916 1990 fuerit,
956 1941 1356 1982 Archestratam
1394 1941 1526 1983 habe-

51 2030 144 2060 mus
173 2018 284 2072 opud
313 2018 466 2059 Athen.
495 2018 576 2061 VII
606 2032 647 2072 p.
677 2020 762 2059 322
779 2032 815 2059 c.

167 2098 423 2151 Progredior
460 2098 513 2138 ad
551 2111 622 2139 eas
662 2111 763 2151 quas
799 2112 824 2138 a
862 2098 1168 2151 provinciarum
1205 2098 1422 2141 urbiumve
1462 2101 1529 2141 in-

59 2176 162 2217 eolis
179 2177 389 2228 inscripsit
402 2177 580 2216 fabulas.
605 2179 748 2229 Aegy
761 2190 785 2229 p
799 2178 903 2218 tios
921 2179 1062 2219 laudat
1079 2179 1290 2219 Antiattic.
1316 2193 1356 2232 p.
1372 2180 1422 2219 81
1458 2179 1530 2223 15.

61 2254 127 2295 ne
154 2254 357 2295 Arcade
384 2267 508 2307 supra
537 2254 692 2293 dictum
722 2259 786 2294 est
813 2268 856 2308 p.
875 2256 972 2296 323.
1011 2258 1298 2298 Boeotium
1328 2259 1531 2301 habemus

65 2333 178 2387 apud
216 2333 368 2374 Athen.
404 2333 467 2373 111
510 2346 551 2386 p.
581 2334 688 2374 842.
736 2334 795 2375 lx
831 2347 874 2388 p.
903 2336 1034 2378 3671:
1107 2337 1268 2378 Eadem
1308 2339 1533 2380 Boeotia

68 2413 220 2454 dieitur
247 2413 356 2465 apud
385 2412 563 2452 eundem
576 2413 637 2453 xl
666 2427 708 2466 p.
737 2414 821 2454 474
838 2428 875 2455 e.
905 2416 1005 2458 XIV
1034 2430 1076 2470 p.
1108 2417 1230 2457 650e
1262 2419 1305 2455 et
1318 2415 1533 2459 Pollue.X

68 2493 140 2542 88,
167 2495 214 2532 ut
238 2496 377 2532 utrum
405 2492 726 2544 praeferendum
754 2493 809 2534 sit
838 2495 1027 2554 dubitare
1053 2498 1189 2538 liceat.
1219 2497 1535 2549 Byzantium

68 2571 212 2612 laudat
250 2571 399 2612 Pollux
434 2571 516 2613 vu
556 2572 654 2613 170.
731 2574 897 2616 Cares
942 2578 1182 2619 Athenaeus
1221 2578 1278 2619 IV
1322 2590 1365 2631 p.
1396 2576 1535 2617 1341».

13 2672 18 2699 ,-
68 2650 275 2692 Deliam
302 2649 414 2691 idem
441 2651 542 2692 VIII
572 2664 612 2704 p.
643 2653 766 2693 37:321
802 2652 970 2704 κνηστὰ
1000 2650 1337 2712 Ἀριστοφάνης
1372 2652 1419 2694 ἐν
1449 2653 1538 2703 Δη-

14 2743 19 2757 ¹
73 2725 148 2784 λίςι
177 2725 233 2767 τὰ
263 2726 487 2781 συγκοπτὰ
516 2726 685 2784 λάχανα
715 2730 924 2784 κνηστὰ
953 2730 981 2786 ἢ
1012 2735 1322 2792 στέμφυλα,
1352 2735 1423 2775 ubi
1451 2736 1537 2777 An-

39 1069 137 1110 LIX
176 1068 244 1107 17.
311 1064 599 1107 Meretricium
635 1062 717 1103 hoc
753 1076 905 1103 nomen
942 1062 1073 1102 fuisse
1112 1062 1234 1102 docet
1270 1061 1512 1102 Athenaeus

41 1149 100 1191 IV
139 1161 181 1200 p.
211 1145 353 1186 157³:
392 1140 575 1196 γέλωτος
613 1130 692 1181 οὗν
728 1139 1033 1198 ἐπιρραγέντος
1070 1138 1217 1196 παρῆν
1252 1135 1280 1190 ἡ
1318 1139 1516 1195 θεατρο-

9 2387 17 2480 ΪΙ
