1702 3190
234 140 320 188 402
670 152 959 186 nonnonoava
991 154 1234 187 ›cansa-rus.

344 248 588 298 Accedimus
623 253 675 295 ad
703 255 1127 298 APOLLODORUM
1169 256 1518 310 cARYSTIUM,
1553 272 1674 313 quem

234 333 619 377 Atheniensem
653 337 771 374 vocat
799 334 967 383 suidas,
1002 333 1113 374 haud
1149 333 1268 374 aliam
1296 333 1472 376 fortasse
1499 338 1550 377 ob
1581 351 1674 380 caud

232 425 318 454 sam
347 423 468 464 quam
498 410 606 463 quod
634 411 753 451 attica
782 412 944 451 civitate
974 411 1145 461 donatus
1173 393 1312 453 i'uerit.
1370 414 1522 455 Suidae
1550 417 1674 460 verba

231 489 336 530 haec
375 492 490 529 sunt:
532 482 889 543 Ἀπολλόδωρος,
932 482 1208 540 Ἀθηναῖος,
1250 484 1456 541 κωμικός,
1498 489 1673 544 ἐποίησα

231 560 437 621 δράματα
462 559 544 618 μζ,
573 561 766 614 ἐνίκησεν
794 564 826 606 ἐ.
859 569 950 619 Quo
979 567 1070 606 loco
1096 567 1287 607 commoti
1309 568 1582 621 Mongitorius
1605 572 1694 612 Bis

229 644 374 686 blioth.
405 643 486 683 Sic.
517 643 535 682 Ι
572 656 611 695 p.
643 642 738 692 175,
775 644 984 684 Mem-sius
1012 644 1206 684 Biblioth.
1236 647 1320 686 Att.
1358 659 1399 699 p.
1430 646 1553 697 1428,
1593 650 1691 690 Fa*

227 722 380 763 bricius
408 720 603 759 Biblioth.
633 720 704 760 Gr.
734 718 773 760 11
803 735 842 774 p.
867 722 950 761 419
990 724 1033 761 et
1062 722 1400 762 Ilemsterhusius
1435 724 1486 763 ad
1518 726 1673 769 Pollae.

227 800 268 840 X
306 800 361 839 93
403 802 488 837 tres
523 797 796 848 Apollodoros
833 799 962 839 fuisse
1010 799 1086 839 sibi
1124 804 1436 851 persuaserunt,
1498 802 1697 854 Geloumg-

228 876 458 929 Carystium
487 875 794 917 Atheniensem.
864 877 947 917 Sed
975 876 1266 917 Atheniensem
1305 881 1469 928 praeter
1506 880 1699 923 suidam-³

227 967 348 996 nemo
378 957 683 1003 commemorat,
713 954 782 1006 qui
812 966 935 1006 quum
955 954 1006 993 de
1026 954 1210 1005 Carystio
1239 953 1361 1005 plane
1389 957 1535 1006 taceat,
1563 957 1673 1000 huno

225 1031 361 1086 ipsum
389 1032 506 1071 illum
535 1032 828 1072 Atheniensem
858 1044 949 1071 esse
978 1044 1059 1071 non
1090 1031 1356 1072 dubitandum
1386 1036 1461 1073 est.
1519 1035 1696 1078 Kuhniif

226 1111 279 1152 ad
307 1110 465 1151 Polluc.
495 1108 552 1150 IV
581 1109 634 1148 19
670 1108 807 1160 opinio
846 1119 972 1148 unum
1011 1110 1270 1162 eundemque
1309 1110 1485 1152 Geloum
1518 1113 1697 1165 pariter·

224 1193 347 1242 atque
376 1186 605 1239 Carystium
633 1185 776 1234 fuisse,
806 1186 908 1226 nihil
936 1186 1061 1227 habet
1090 1200 1169 1239 quo
1199 1189 1517 1229 commendetur.
1547 1192 1671 1233 Aeta·-

224 1272 309 1308 tem
337 1265 578 1319 Apollodori
607 1264 782 1315 Carystii
810 1265 1045 1306 Athenaeus
1074 1266 1171 1307 XIV
1198 1279 1239 1318 p.
1268 1267 1390 1306 664a
1428 1266 1485 1306 ita
1514 1267 1692 1319 definit„

222 1349 270 1386 ut
294 1356 403 1385 eum
438 1341 653 1384 Machonis
693 1342 946 1393 temporibus
983 1342 1131 1382 vixisse
1170 1342 1289 1384 dicat.
1361 1338 1532 1396 Μάχων
1575 1338 1669 1386 δ’ὁ

222 1416 469 1469 Σικυώνιος,
499 1420 655 1471 inquit,
684 1416 771 1457 τῶν
797 1416 910 1458 κατὰ
943 1413 1286 1475 Ἀπολλόδωρον
1313 1416 1391 1460 τὸν
1417 1418 1671 1475 Καρύστιον

220 1494 558 1555 κωμῳδιοποιῶν
598 1486 660 1543 εἷς
695 1492 788 1535 ἐστι
815 1495 892 1535 καὶ
918 1492 1061 1544 αὐτός.
1117 1498 1270 1538 Mache
1300 1498 1513 1551 Sicyonius
1543 1515 1688 1554 quum¹⁴

221 1578 369 1620 eodem
399 1577 611 1618 Athenaeo
641 1578 747 1614 teste
776 1575 833 1615 VI
876 1588 917 1628 p
948 1574 1066 1615 essf
1109 1576 1423 1629 Aristophanem
1466 1591 1685 1631 gramma-.-

220 1656 368 1704 ticum,
404 1655 473 1707 qui
513 1654 588 1693 sub
627 1651 875 1693 Ptolemaeis
904 1652 1167 1707 Philopatore
1202 1658 1245 1694 et
1272 1655 1481 1707 Euergeta
1513 1657 1685 1730 110τυὶιῆ

218 1734 262 1774 in
291 1734 415 1773 rebus
446 1732 497 1772 ad
527 1731 722 1772 comicam
761 1732 904 1783 poesin
941 1733 1217 1784 spectantibus
1253 1733 1475 1773 instituerit
1514 1706 1702 1785 maazia}

218 1809 379 1858 σκαλος
401 1805 629 1864 γενόμενος
649 1819 736 1848 των
763 1804 877 1849 κατὰ
902 1805 1134 1864 κωμωδιαν
1161 1806 1336 1864 μερῶν),
1364 1812 1575 1862 probabile
1604 1796 1702 1856 ests*

216 1889 514 1942 Apollodorum
545 1890 776 1941 carystium
805 1888 996 1928 floruisse
1022 1889 1132 1929 inter
1160 1889 1442 1941 Olympiadem
1472 1891 1583 1953 CXX
1609 1875 1690 1953 -ᾅ

217 1968 382 2008 CXXX.
449 1969 645 2008 Ceterum
683 1966 752 2018 qui
788 1966 838 2006 ab
875 1968 1090 2018 Anonymo
1128 1966 1181 2005 de
1218 1966 1441 2007 Comoedia
1477 1981 1518 2020 p.
1548 1968 1625 2010 XX

216 2048 260 2085 et
288 2045 471 2085 Gramm.
503 2044 632 2085 Coisl.
670 2045 780 2097 apud
808 2044 1104 2085 Montefalcon.
1134 2057 1175 2097 p.
1202 2043 1287 2084 597
1323 2045 1364 2084 in
1403 1950 1682 2102 praestanti}

215 2122 327 2163 simis
364 2135 494 2164 novae
531 2123 769 2164 comoediae
804 2123 938 2176 poetis
974 2125 1213 2162 recensetur
1249 2121 1546 2174 Apollodorus,
1580 2097 1697 2263 ηπ

213 2199 355 2241 dubito
385 2201 481 2252 quin
510 2201 563 2241 sit
592 2201 816 2254 Carystius,
846 2201 961 2241 cuius
990 2204 1036 2241 ut
1059 2200 1319 2252 frequentior
1347 2201 1510 2241 omnino
1542 2214 1593 2254 qu

212 2278 332 2319 Geloi
361 2279 559 2320 memoria
589 2284 676 2329 est,
713 2281 771 2320 ita
798 2280 920 2320 etiam
949 2280 1000 2319 ab
1028 2279 1242 2320 Athenaeo
1270 2279 1299 2318 1.
1328 2278 1356 2319 l.
1385 2279 1443 2319 sic
1481 2270 1691 2334 comma}

211 2360 413 2407 moratur,
459 2360 506 2397 ut
551 2356 799 2410 singularem
835 2358 1036 2410 quandam
1073 2357 1357 2397 auctoritatem
1392 2357 1430 2396 ei
1467 2332 1692 2409 tribuissfe

210 2432 410 2474 videatur.
476 2435 636 2475 Eodem
665 2439 905 2488 argumento
935 2435 1005 2474 diu
1034 2439 1098 2475 est
1126 2435 1236 2486 quod
1266 2435 1388 2474 etiam
1418 2429 1696 2498 Terentiufflg

209 2510 417 2563 Hecyram
456 2516 499 2552 et
527 2513 820 2553 Phormionem
853 2513 907 2556 ad
936 2513 1133 2565 Carystii,
1168 2524 1278 2562 non,
1315 2524 1421 2564 quae
1451 2513 1544 2554 Lilii
1572 2499 1690 2576 655³}

207 2588 313 2628 raldi
342 2589 450 2629 Hist.
479 2594 591 2642 poet.
619 2585 648 2631 7'
675 2604 718 2644 p.
745 2592 842 2640 292,
876 2590 1049 2630 Gesneri
1077 2590 1272 2630 Biblioth.
1301 2603 1343 2642 Ρ.
1371 2592 1428 2630 7⁰
1464 2590 1691 2651 alini-affl

207 2678 290 2719 que
320 2668 524 2710 sententia
554 2672 646 2719 est,
684 2667 737 2726 agl
766 2668 888 2709 Geloi
925 2668 1171 2722 exemplaria
1208 2668 1488 2721 composuisse
1517 2652 1651 2713 exist}
1667 2668 1698 2742 i⁵
