1702 3190
221 186 279 235 46
842 200 1054 233 cumos-

435 293 483 339 Ὁ
511 295 821 352 σχινοκέφαλος
850 295 957 347 Ζεὺς
983 295 1055 338 ὁδὶ
1083 296 1362 355 προσέρχεται

443 371 469 414 ὁ
497 374 748 430 Περικλέης,
777 372 956 417 τῶδεῖον
983 374 1054 417 ἐπὶ
1081 374 1162 420 τοῦ
1187 374 1366 431 κρανίου

441 449 560 506 ἔχων,
590 451 736 503 ἐπειδὴ
766 450 1033 509 τοῦστρακον
1061 450 1327 508 παροίχεται.

223 532 339 583 Quae
366 531 433 571 vix
459 533 538 571 alio
568 535 755 583 tempore
784 534 906 572 scribi
934 537 1178 585 potuerunt,
1219 546 1338 585 quam
1374 544 1453 584 quo
1490 531 1672 572 Pericles

223 609 451 648 ostracismi
479 610 707 660 periculum
737 611 949 662 effugerat,
980 610 1021 650 h.
1053 624 1089 650 e.
1122 611 1283 663 Olymp.
1314 609 1540 658 LXXXIII,
1560 609 1600 657 4,
1627 611 1675 647 ut

227 680 429 739 Θρᾴττας
455 686 655 735 fabulam,
686 700 734 725 ex
764 699 843 739 qua
870 699 1013 726 versus
1042 687 1101 725 illi
1131 688 1248 739 petiti
1276 691 1392 737 sunt,
1430 690 1500 725 aut
1529 685 1675 724 eodem

222 768 294 803 aut
322 764 512 814 sequenti
541 777 645 802 anno
676 767 804 803 actam
835 777 926 804 esse
957 764 1137 816 colligas·

333 841 395 879 De
424 839 656 880 domesticis
686 842 840 880 Cratini
878 842 1003 880 rebus
1041 841 1142 880 nihil
1182 844 1436 893 compertum
1463 839 1675 887 habemus,

222 917 301 957 nisi
330 918 438 968 quod
466 921 623 969 patrem
651 917 792 957 habuit
821 918 1110 967 Callimedem‚
1140 919 1286 959 Suidas
1317 930 1348 958 s.
1375 930 1413 957 v.
1443 914 1675 971 Κρατῖνος.

225 997 342 1046 Quae
374 1008 397 1034 a
426 995 642 1034 Clemente
669 994 785 1035 Alex.
815 997 965 1036 Strom.
996 997 1053 1037 IV
1080 1007 1121 1048 p.
1151 995 1233 1035 523
1262 997 1310 1035 B.
1337 998 1678 1034 commemoratur

225 1072 384 1112 Cratini
397 1073 482 1111 filia
503 1072 635 1120 Irene,
665 1073 858 1123 pingendi
878 1078 966 1112 arte
996 1073 1117 1120 clara,
1147 1084 1236 1110 eam
1265 1084 1347 1111 non
1361 1071 1512 1110 Cratini
1529 1073 1678 1121 poetae

223 1148 382 1198 comici,
412 1149 485 1188 sed
500 1148 653 1188 Cratini
682 1148 849 1199 pictoris
878 1149 1004 1188 filiam
1033 1148 1160 1188 fuisse
1189 1148 1390 1188 intellexit
1406 1147 1583 1199 Silligius
1599 1147 1678 1187 Ca-

229 1225 301 1266 tal.
332 1225 442 1264 artif.
471 1238 511 1277 p.
529 1225 624 1264 162.
682 1224 953 1266 Taxiarchum
975 1230 1016 1266 et
1044 1227 1236 1281 tribulem
1264 1225 1392 1264 fuisse
1420 1222 1496 1272 τῆς
1530 1217 1679 1272 Οἰνηΐ-

224 1300 301 1350 δος
342 1300 482 1356 φυλῆς
521 1302 642 1341 docet
654 1301 827 1367 ‘Suidas
867 1316 899 1343 s.
937 1317 975 1344 v.
1017 1298 1197 1342 Ἐπειοῦ
1235 1297 1485 1355 δειλότερος.
1543 1294 1679 1349 οὕτως

223 1378 388 1433 ἐλέγετο
418 1379 636 1434 Κρατῖνος
672 1373 696 1417 ὁ
723 1375 928 1432 κωμικός,
968 1379 1070 1427 ἴσως
1107 1376 1182 1419 διὰ
1209 1376 1258 1418 τὸ
1287 1376 1575 1432 ταξιαρχῆσαι
1601 1377 1680 1429 τῆς

231 1452 435 1507 (Ιίνηΐὸος
461 1455 600 1511 φυλῆς
628 1451 862 1510 δειλότερός
889 1470 934 1499 τε
963 1457 1159 1513 φανῆναι
1231 1459 1344 1510 Quae
1370 1458 1516 1497 iisdem
1542 1457 1679 1498 verbis

223 1538 421 1589 leguntur
449 1537 556 1588 apud
585 1536 1004 1588 Paroemiographos‚
1035 1548 1207 1589 quorum
1235 1535 1463 1575 testimonia
1491 1536 1680 1588 apposuit

224 1615 385 1657 Alberti
415 1614 466 1653 ad
495 1614 676 1666 Hesych.
708 1614 758 1653 T.
789 1615 871 1666 1p.
902 1615 1026 1654 1322.
1084 1614 1145 1654 De
1173 1613 1279 1665 Epei
1307 1613 1465 1664 ignavia
1492 1613 1567 1653 cfr.
1596 1613 1680 1666 Ly-

227 1691 372 1744 cophr.
403 1692 516 1732 Cass.
547 1691 651 1740 931,
689 1691 759 1731 ubi
798 1691 944 1731 dicitur
973 1686 1093 1744 ἔγχος
1119 1686 1333 1745 πεφρικώς
1361 1688 1437 1728 καὶ
1468 1685 1678 1743 φάλαγγα

224 1766 435 1823 θουρίαν.
493 1769 678 1808 Convicii
713 1772 855 1808 auctor
890 1768 1066 1809 fortasse
1104 1769 1397 1821 Aristophanes
1436 1767 1529 1808 fuit.
1585 1768 1683 1810 Fla-¹

225 1848 386 1902 gitiosis
414 1847 619 1887 amoribus
654 1846 837 1886 deditum
867 1848 1077 1887 Cratinum
1112 1846 1242 1887 fuisse
1270 1858 1376 1886 unus
1405 1845 1551 1886 Sui'das
1578 1858 1611 1886 s.
1640 1858 1681 1887 v.

224 1924 446 1980 Κρατῖνος
482 1923 672 1972 tradidit,
705 1924 777 1964 ubi
814 1920 1056 1978 φιλοπότης
1091 1924 1164 1963 καὶ
1201 1921 1415 1964 παιδικῶν
1442 1919 1683 1976 ἡττημένος

227 2003 397 2053 dicitur,
434 2015 539 2055 quae
567 2003 693 2042 verba
720 2000 878 2042 Eudoc.
907 2015 949 2055 p.
978 2002 1059 2042 271
1098 2003 1246 2043 omisit.
1308 2002 1416 2042 Rem
1443 2002 1572 2053 ipsam
1603 2000 1685 2042 etsi

225 2074 348 2121 nemo
377 2080 610 2132 praefracte
639 2081 863 2133 negaverit,
892 2081 985 2120 fieri
1011 2084 1148 2121 tamen
1176 2083 1312 2134 potest
1339 2084 1386 2120 ut
1421 2079 1588 2120 Suidam·
1613 2086 1685 2120 raa*

225 2158 286 2199 tio
314 2158 534 2207 fefellerit3
572 2162 686 2198 certe
715 2158 1055 2212 Aristophanem,
1094 2159 1269 2211 quocu‘m
1297 2162 1537 2212 perpetuam
1563 2169 1684 2198 exera

227 2236 315 2276 cuit*
336 2237 603 2286 inimicitiam,
634 2237 700 2276 vix
716 2237 830 2277 *illud
858 2237 1020 2278 silentio
1049 2222 1431 2290 praetermissurum
1458 2235 1587 2276 fuisse
1615 2237 1683 2276 ard

226 2313 370 2355 bitror.
428 2315 608 2355 Multam
638 2315 741 2355 adeo
771 2326 931 2364 vereor,
959 2327 1016 2355 ne·
1040 2315 1186 2356 Suidas
1206 2311 1490 2368 Aristophanis
1517 2314 1609 2354 loco
1636 2309 1699 2355 ffla

227 2391 405 2432 Acharn.
435 2391 518 2432 85⁰
549 2393 615 2433 cll.
646 2394 755 2433 1172
785 2393 982 2446 deceptus
1011 2393 1063 2432 sit
1075 2413 1094 2441 ,ι
1125 2394 1196 2433 ubi
1225 2394 1329 2434 alius
1358 2393 1519 2446 quidam
1538 2380 1702 2432 crati-⁴³

227 2472 332 2518 mis,
374 2470 605 2511 molliculus
641 2471 764 2511 homo
801 2474 843 2510 et
879 2470 1099 2520 delicatus,
1144 2479 1264 2523 quem
1308 2453 1479 2523 lyricum
1515 2465 1702 2522 poetani'ui

228 2544 358 2587 fuisse
388 2548 637 2588 Scholiastcs
665 2552 853 2598 testatur,
883 2562 910 2589 a¹
936 2550 1091 2589 comico
1119 2549 1346 2600 sugillatur.
1403 2547 1576 2590 Veneris
1604 2505 1702 2592 ima-i

228 2625 453 2678 potentiam
488 2626 530 2665 in
558 2629 699 2665 nostro
730 2627 895 2666 Cratino
923 2627 1082 2666 notavit·
1106 2627 1230 2667 etiam
1258 2629 1398 2668 Acron*
1424 2626 1502 2677 *qui
1531 2603 1702 2678 dicituiri

230 2701 283 2743 ad
311 2702 472 2744 Horatii
499 2702 631 2755 Epist.
649 2703 689 2753 1,
705 2702 772 2754 19,
791 2704 814 2743 1
844 2707 1013 2745 «tantae
1038 2703 1216 2746 libidinis
1245 2704 1344 2755 fuit,
1372 2707 1419 2744 ut
1447 2683 1702 2767 cubiculum}
