1702 3190
202 181 289 224 220
785 189 1046 221 murmanus.

203 293 409 346 hibuisse,
436 287 549 331 unde
576 302 658 331 non
686 290 833 331 mirum
862 292 970 344 apud
1000 291 1192 332 Photium
1222 305 1256 333 s.
1283 306 1322 334 v.
1352 292 1507 349 σπεῖρα
1535 295 1647 336 nullo

202 371 382 411 auctoris
410 369 574 411 nomine
603 369 761 409 adiecto
785 369 889 422 legi:
919 364 996 422 οὐχ
1026 361 1142 417 ὅπως
1168 366 1287 424 παρὰ
1305 371 1394 419 τοῖς
1421 371 1647 425 τραγικοῖς,

204 442 317 487 ἀλλὰ
344 445 419 488 καὶ
445 444 493 486 ἐν
515 441 837 502 Μαμμακύθῳ.
873 448 1070 488 Similiter
1093 449 1260 488 Glossae
1289 453 1471 489 veteres:
1501 451 1648 490 Mam-

202 526 500 574 macuthus,
530 521 723 578 δρᾶμα.
785 525 846 564 Ita
875 526 982 566 enim
1011 538 1086 577 pro
1109 526 1480 567 Mammaculus
1511 541 1650 568 emen·

201 602 314 645 davit
340 604 561 644 Mem-sius.
619 604 812 643 Ceterum
841 601 996 643 fallitur
1026 605 1288 644 Casaubouus
1318 605 1368 643 ad
1384 605 1649 645 Athen.XIII

202 694 246 736 p.
273 682 398 722 5711)
429 682 552 721 etiam
579 681 757 734 Epigeni
774 681 1120 733 Mammacythum
1150 683 1274 722 tribui
1303 682 1456 732 dicens,
1488 683 1539 721 de
1569 694 1648 734 quo

202 759 305 801 nihil
333 759 492 811 uspiam
520 759 692 810 legitur-3
721 772 768 798 ac
796 759 970 798 fortasse
1000 760 1261 812 Metagenem
1290 761 1470 799 scribere
1506 760 1648 800 voluit.

202 837 350 890 Neque
378 838 531 876 rectius
560 837 612 875 de
634 837 868 889 Aristagora
898 837 1086 888 disputat,
1119 838 1233 877 cuius
1262 838 1363 878 adeo
1381 852 1528 878 nomen
1559 851 1651 877 cor-

200 918 368 968 ruptum
404 927 497 954 esse
534 914 696 963 statuit,
735 928 855 967 quam
897 915 1189 954 dubitationem
1226 917 1323 956 satis
1359 929 1467 955 nunc
1502 915 1651 954 tollunt

202 993 454 1047 grammatici
480 992 737 1045 Segueriani.
795 993 1016 1032 Praeterea
1043 993 1320 1045 Aristagoram
1349 994 1398 1033 ab
1427 1006 1509 1033 uno
1539 1005 1651 1032 com·
1696 984 1697 987 ¹

202 1074 470 1111 memoratum
497 1071 659 1123 reperio
689 1070 839 1109 Photio
870 1070 967 1109 Lex.
998 1082 1038 1122 p.
1070 1070 1151 1109 107
1184 1071 1236 1109 13
1280 1065 1510 1123 Ἳμάνταςι
1549 1065 1650 1116 τοὺς

201 1145 290 1188 ’τῶν
325 1143 489 1187 ἱστίων.
529 1141 874 1200 Ἀρισταγόρας,
914 1150 956 1185 et
992 1147 1026 1186 si
1055 1151 1168 1186 recte
1198 1149 1367 1188 coniicio
1398 1162 1438 1202 p.
1467 1148 1551 1189 204
1580 1149 1650 1189 13.

201 1220 507 1268 Λακκόπεδονε
554 1221 654 1272 τοὺς
692 1220 851 1278 ὄρχεις·
888 1215 1023 1271 οὕτως
1064 1218 1354 1279 Ἀνταγόρας.
1417 1228 1651 1278 Antagorae
1696 1236 1698 1243 ²

200 1302 357 1344 Rhodii
384 1308 532 1356 poetae
562 1303 891 1344 commemoratio
921 1303 970 1341 ab
1006 1301 1086 1341 hoc
1123 1303 1213 1343 loco
1252 1306 1396 1345 aliena.
1459 1306 1651 1346 Scriben-

202 1383 299 1423 dum
327 1383 490 1422 videtur
513 1375 852 1434 Ἀρισταγόρας.
891 1381 1073 1431 Utraque
1102 1381 1237 1433 glossa
1266 1382 1440 1422 sortasse
1470 1383 1521 1422 ad
1549 1395 1649 1422 eun-

203 1460 298 1501 dem
325 1461 441 1500 illum
470 1460 818 1512 Mammacythum
853 1458 1071 1498 referenda
1108 1464 1183 1499 est.
1248 1461 1363 1500 Alius
1392 1461 1649 1512 Aristagoras

202 1543 267 1580 est
294 1539 343 1587 is,
371 1550 493 1590 quem
522 1541 811 1578 commemorat
840 1538 1067 1578 Scholiasta
1083 1537 1189 1577 Nub.
1205 1537 1301 1587 827,
1327 1539 1398 1577 ubi
1424 1539 1518 1577 vide
1538 1539 1650 1578 Her-

201 1626 409 1657 mannum.
477 1617 671 1656 Ceterum
717 1616 770 1655 de
809 1608 1147 1668 ΠΙαμμάκυθος,
1195 1628 1274 1667 quo
1312 1616 1519 1668 stupidum
1555 1616 1650 1655 bar-

202 1692 381 1744 dumque
427 1692 636 1733 hominem
686 1695 818 1735 notari
861 1697 1040 1743 constat,
1093 1694 1186 1732 vide
1229 1697 1395 1746 praeter
1439 1693 1648 1734 Eustathii

202 1771 354 1823 Opusc.
391 1784 432 1822 p.
462 1772 531 1812 89.
562 1773 644 1810 103
680 1771 852 1812 Meursii
885 1772 998 1812 Lect.
1038 1773 1122 1813 Att.
1154 1771 1172 1810 Ι
1202 1772 1242 1821 4,
1278 1773 1525 1824 interpretes
1554 1772 1650 1813 Ari-

200 1849 412 1901 stophanis
440 1849 546 1889 Ran.
577 1849 688 1890 1017
719 1854 760 1889 et
784 1852 991 1891 Osannum
1020 1850 1071 1888 ad
1101 1850 1272 1891 Philem.
1302 1864 1343 1903 p.
1374 1849 1440 1889 15.
1691 1901 1697 1906 „

310 1928 547 1978 Sequuntur
588 1923 1006 1983 Θουριοπέρσαι,
1046 1941 1166 1980 quam
1202 1940 1406 1979 nunquam
1440 1928 1483 1966 in
1513 1924 1648 1966 'scena

201 2004 419 2048 exhibitam
450 2018 541 2045 esse
571 2005 723 2046 diserto
752 2007 953 2048 Athenaei
993 2008 1064 2047 lib.
1095 2006 1151 2048 VI
1181 2020 1221 2058 p.
1251 2007 1368 2045 moa
1406 2006 1555 2044 scimus
1583 2007 1646 2043 te-
1689 2015 1697 2046 ,¹

202 2083 409 2124 stimonio.
476 2081 538 2121 De
575 2088 814 2135 argumento
840 2074 938 2125 'non
978 2085 1105 2137 magis
1136 2097 1256 2136 quam
1286 2084 1337 2122 de
1371 2081 1645 2133 inscriptionis

197 2160 359 2202 ratione
388 2162 558 2200 constat.
615 2160 720 2202 Nam
749 2163 818 2215 qui
848 2163 1163 2204 Thuriorum
1203 2173 1479 2202 eversores
1507 2159 1646 2198 reddi·
1694 2152 1696 2201 J

199 2238 260 2280 dit
287 2237 701 2290 Schweighaeuserus
730 2240 780 2279 ad
796 2241 945 2282 Athen.
976 2242 1055 2281 vol.
1071 2241 1131 2280 111
1160 2254 1200 2292 p.
1217 2240 1298 2279 591
1329 2238 1502 2278 fortasse
1529 2237 1646 2288 Hey-
1685 2255 1693 2274 ι

197 2317 322 2358 nium·
341 2319 537 2369 sequutus
566 2317 717 2370 Opusc.
746 2318 906 2360 Acad.1
933 2332 974 2372 p.
998 2318 1094 2368 175,
1123 2318 1269 2358 merito
1298 2317 1550 2369 improbatus
1581 2315 1646 2354 est

199 2394 407 2435 Lobeckio
449 2394 624 2448 Paralip.
658 2409 827 2449 gramm.
866 2397 885 2438 1
928 2411 969 2450 p.
1007 2397 1062 2437 78
1105 2400 1146 2436 et
1182 2396 1374 2436 Passovio
1413 2394 1557 2435 Melet.
1599 2391 1645 2434 in

198 2471 393 2524 Aeschyli
422 2472 570 2513 Persas
599 2488 639 2526 p.
669 2473 738 2523 45,
765 2475 834 2526 qui
861 2478 975 2515 recte
997 2475 1177 2516 Thurios
1205 2475 1398 2526 intelligit
1426 2472 1646 2511 Persarum

199 2560 315 2593 more
351 2550 537 2591 mollitiei
575 2554 618 2591 et
652 2551 837 2592 luxuriae
874 2553 1048 2593 deditos.
1118 2553 1165 2592 In
1217 2563 1298 2591 uno
1337 2549 1522 2602 longiori,
1558 2548 1644 2588 fra-

199 2631 366 2680 gmento
410 2628 519 2680 apud
561 2629 819 2670 Athenaeum
857 2631 915 2672 VI
956 2644 998 2684 p.
1026 2630 1107 2670 269
1147 2630 1303 2672 comica
1332 2627 1642 2680 exaggeratione
1700 2638 1702 2645 ·

200 2703 452 2748 Thurini-um
479 2705 670 2750 fertilitas
697 2708 969 2761 praedicatur.
1004 2708 1041 2749 Ε
1070 2707 1239 2760 reliquis
1267 2706 1504 2760 fragmentis
1533 2702 1642 2756 apud
