1702 3190
471 173 764 206 annonam-us.
819 174 1080 203 amasinum.
1424 164 1507 204 487

100 287 105 290 ·
143 274 556 316 THEOGNETUS.
624 275 748 315 Hune
789 275 858 326 qui
908 277 1039 327 patria
1082 276 1329 315 Thessalum
1379 276 1508 317 fuisse

38 354 140 394 dicit
178 354 394 394 Harlesius
425 354 620 394 Biblioth.
665 354 735 394 Gr.
768 354 807 394 11
846 367 886 406 p.
916 354 1015 403 500,
1057 368 1150 394 cum
1191 355 1349 395 comico
1385 360 1509 408 poeta

36 431 252 476 confundit
282 433 405 473 alium
436 435 678 487 scriptorem
710 434 1017 487 Theognetum,
1048 435 1114 472 cui
1146 434 1315 473 fuerunt
1342 435 1508 486 quiOr-

33 510 136 564 pliei
167 506 323 562 λόγους
361 509 501 564 ἱεροὺς
544 514 792 554 tribuerent.
853 514 902 555 V.
942 513 1089 553 Suidas
1126 527 1157 552 s.
1198 508 1385 564 Ὁριμύς.
1446 515 1508 554 De

0 572 1 593 ³
39 594 180 629 nostro
211 590 269 629 ita
299 592 439 632 scribit
468 594 634 633 Suidas:
670 587 925 644 Θεόγνητος,
957 586 1158 643 κωμικός.
1220 588 1305 629 τῶν
1337 588 1507 645 δραμά-

38 680 126 706 των
170 663 307 709 antor]
358 667 451 710 ἐστι
497 667 664 723 Φάσμα
710 666 738 722 ἢ
784 667 1078 724 Φιλάργυρος,
1128 668 1400 722 Κένταυρος,
1449 666 1508 718 ὠς

0 779 3 789 .
35 742 289 796 Ἀθήναιος
317 747 364 787 ἐν
392 749 800 804 Δειπνοσοφισταῐς.
837 751 993 792 Similia
1011 750 1197 790 Eudocia
1215 750 1322 791 Viol.
1354 764 1393 802 p.
1410 750 1506 790 232.

37 827 116 879 Qui
155 827 264 867 unde
304 828 594 880 ,Centauri,
646 844 751 883 quae
793 833 950 885 Lyncei
993 830 1132 870 fabula
1175 830 1275 877 fuit,
1322 829 1508 868 notitiam

0 904 258 956 =hauseri11t,
299 921 380 948 non
418 915 603 962 apparet.
681 909 724 950 ‹1›
739 908 1109 949 ιλοὸέσποτον
1151 910 1352 949 habemus
1397 909 1507 960 apud

33 985 293 1027 Athenaeum
325 988 422 1031 xlv
459 1003 500 1042 p.
530 990 611 1029 616
627 1004 664 1038 a,
703 991 773 1030 ubi
803 990 911 1029 ridet
943 989 1282 1037 Pantaleontem,
1313 989 1383 1039 qui
1413 1001 1507 1028 eum

34 1063 306 1120 Theopompo
337 1067 502 1108 fabulae
532 1083 671 1110 ansam
702 1070 866 1118 diderit,
897 1069 1022 1108 facile
1042 1068 1265 1121 suspiceris
1279 1067 1504 1118 Theogne-

33 1148 121 1185 tum
151 1145 185 1185 si
215 1158 297 1186 non
327 1145 538 1200 antiquae,
580 1155 695 1189 certe
734 1155 872 1189 tamen
911 1150 1210 1201 antiquioribus
1242 1147 1404 1186 mediae
1436 1158 1506 1186 co-

31 1225 220 1265 moediae
250 1227 386 1279 poetis
416 1229 718 1269 accensendum
759 1242 865 1269 esse.
934 1229 1020 1268 Sed
1059 1227 1245 1278 loquitur
1284 1226 1507 1278 Theogne-

30 1307 97 1343 tus
144 1304 197 1345 de
237 1305 509 1348 Pantaleonte
551 1313 742 1359 tanquam
789 1309 842 1347 de
885 1313 1062 1348 mortuo.
1147 1306 1292 1356 Itaque
1333 1310 1507 1357 propter

29 1381 261 1427 Stoicorum
290 1385 521 1427 irrisionem
550 1388 592 1427 in
621 1387 856 1441 fragmento
886 1389 937 1427 ab
968 1387 1187 1427 Athenaeo
1213 1385 1273 1424 111
1305 1398 1346 1436 p.
1379 1384 1461 1423 101
1479 1385 1503 1423 b

28 1467 190 1503 servato
221 1477 316 1505 eum
345 1479 476 1507 novae
509 1468 748 1507 comoediae
785 1468 919 1520 poetis
957 1465 1312 1506 adnumerandum
1350 1463 1503 1515 putavi.

29 1538 253 1583 Praeterea
272 1546 360 1585 eius
381 1540 582 1599 Φάσμα
613 1541 640 1596 ἢ
676 1542 1035 1601 Φιλάργυρον
1065 1546 1360 1584 commemorat
1372 1543 1504 1583 Athe-

30 1632 158 1662 naeus
189 1622 249 1663 111
289 1638 328 1677 p.
362 1625 486 1666 1041>
526 1631 568 1667 et
598 1628 675 1669 XV
714 1641 756 1680 p.
787 1628 867 1668 671
885 1641 923 1667 a.
988 1627 1052 1666 Ex
1090 1625 1169 1664 hac
1206 1624 1348 1663 fabula
1379 1624 1504 1663 Plau-

30 1703 116 1740 tum
147 1701 446 1744 Mostellariam
476 1718 605 1755 suam,
636 1720 758 1758 quam
789 1707 942 1760 passim
966 1705 1201 1744 Phasmatis
1236 1704 1354 1742 titulo
1387 1702 1504 1742 citari

27 1778 119 1820 Nic.
150 1780 323 1823 Loensis
352 1784 565 1839 Epiphyll.
595 1786 633 1828 V
670 1788 726 1826 20
769 1787 930 1836 docuit,
982 1797 1218 1837 expressam
1260 1796 1354 1822 esse
1390 1782 1505 1822 haud

25 1857 298 1912 improbabile
327 1864 549 1916 videbitur,
579 1867 615 1906 si
645 1867 736 1919 quis
767 1870 1056 1920 argumentum
1085 1864 1253 1903 fabulae
1283 1862 1504 1902 Plautinae

26 1939 363 1984 consideraverit.

79 2031 82 2033 ’
136 2019 216 2060 His
246 2035 391 2063 eorum
419 2028 637 2076 poetarum
667 2025 832 2065 nomina
862 2024 1132 2076 subiungam,
1171 2022 1241 2074 qui
1283 2021 1501 2062 mediaene

25 2108 78 2138 nn
105 2100 297 2151 antiquae
326 2103 567 2144 comoediae
596 2104 859 2145 adscribendi
895 2105 978 2144 sint
1014 2104 1140 2144 certis
1178 2101 1342 2143 indiciis
1381 2100 1502 2141 inda-

25 2187 128 2228 gare
155 2189 237 2219 non
265 2179 397 2220 licuit.

141 2254 501 2301 ALEXANDER.
575 2260 744 2300 Titulus
782 2274 807 2300 a
845 2259 1059 2300 Boeckhio
1099 2259 1235 2299 editus
1274 2259 1400 2311 Corp.
1430 2258 1501 2300 In-

28 2331 169 2386 script.
198 2335 279 2377 vol.
309 2338 327 2379 1
357 2352 399 2392 p.
428 2338 512 2380 765
543 2343 838 2379 commemorat
866 2339 1172 2380 comoediarum
1202 2342 1368 2390 poetam
1396 2338 1500 2379 Ale-

28 2412 240 2464 xandrum,
268 2417 489 2459 Aristionis
518 2419 665 2467 filium,
683 2419 995 2466 Atheniensem,
1025 2418 1067 2457 in
1088 2417 1372 2458 Charisiorum
1404 2429 1497 2458 cer·

28 2493 180 2534 tamine
210 2496 486 2547 orchomeni,
522 2498 722 2539 Boeotiae
750 2499 876 2548 urbe,
913 2496 1131 2537 commisso
1159 2497 1373 2536 victorem.
1432 2497 1498 2536 Ea

27 2571 238 2626 inscriptio
266 2587 393 2627 quum
422 2589 472 2617 ex
501 2578 704 2630 probabili
729 2578 1034 2629 computatione
1049 2575 1251 2616 Boeckhii
1281 2576 1334 2615 ad
1351 2575 1493 2627 Olym-

28 2651 191 2704 piadem
214 2654 363 2696 CXLV
391 2656 611 2708 pertineat,
648 2657 714 2697 vix
741 2670 766 2697 a
795 2670 862 2697 me
891 2657 1069 2709 impetro
1099 2659 1144 2695 ut
1173 2655 1284 2695 hunc
1315 2653 1494 2694 eundem

30 2742 123 2773 esse
151 2736 294 2787 putem
318 2732 610 2787 Alexandrum,
639 2737 757 2777 cuius
785 2732 1000 2776 Διόνυσον
1030 2729 1184 2776 Πότον
1218 2727 1421 2785 Τιγόνιον
1451 2735 1495 2772 et
