1702 3190
645 163 925 196 murnum.
1431 150 1519 194 an

43 272 181 328 poetis
215 270 371 324 quibus
399 267 616 336 'Stobaeus
651 266 696 310 in
731 265 1013 309 concinnando
1043 265 1275 319 Florilegio
1309 271 1411 308 usus
1439 269 1518 309 eet.

47 352 223 395 Omnino
271 349 518 403 paucissima
562 346 831 401 Antiphontis
871 345 1178 398 tragoediarum
1227 349 1369 386 extant
1403 344 1519 400 fing-

45 435 196 473 menta.
262 429 436 470 Praeter
472 441 521 468 ea
550 427 660 467 enim
690 437 950 478 quaesupra
979 424 1120 473 attuli,
1157 425 1223 464 vix
1265 437 1525 467 commemo·¹

43 514 159 552 ratur
198 509 277 550 nisi
314 509 364 548 ab
403 506 628 548 Aristotele
664 505 764 546 Eth.
803 504 912 544 Eud.
950 502 1051 545 VIII
1089 515 1130 554 p.
1171 502 1286 542 1239
1333 502 1519 556 σημεῖον

45 581 243 628 δ’ἕλοιτ’
276 579 333 627 ἂν
361 581 385 626 ὁ
415 581 544 640 φίλος
570 581 763 638 μᾶλλον,
793 575 836 623 εἰ
859 578 921 635 μὴ
953 574 1164 634 ἐνδέχοιτ’
1197 575 1357 636 ἄμφω,
1387 577 1527 634 yeme}

45 679 164 709 σκειν
193 660 222 716 ἢ
232 661 572 719 γινώσκεσθαι,
612 652 709 703 οἷον
737 659 785 701 ἐν
813 660 910 709 ταῖς
939 656 1202 716 ὑπερβολαῖς
1239 659 1290 700 αἱ
1318 663 1521 714 γυναῖκες

45 743 234 796 ποιοῦσι,
262 742 338 784 καὶ
367 738 394 793 ἦ
428 734 716 797 Ἀνδρομάχη
745 735 774 791 ἡ
809 734 1138 796 ’Λντιφῶντος,
1169 745 1211 782 et
1240 742 1392 783 iterum
1421 742 1519 783 Me-

43 826 163 867 chan.
194 838 237 878 p.
266 823 352 864 847
381 824 437 863 20
475 815 686 875 καθάπερ
713 816 797 877 γὰρ
826 816 1033 871 ἐποίησεν
1064 816 1301 876 ’Λντιᾳῶν
1334 815 1359 860 ὁ
1387 833 1519 871 ποιη-

0 933 2 943 .
42 899 134 955 τής,
168 895 283 943 οὕτω
317 899 395 941 καὶ
429 895 534 954 ἔχει·
572 898 736 956 τέχνῃ
771 897 854 956 γὰρ
893 899 1208 956 κρατοῦμεν
1242 891 1314 940 οἷν
1350 894 1520 957 φύσει

43 978 358 1037 νικώμεθα,
409 994 534 1034 quem
576 994 744 1022 versum
787 981 975 1023 Violario
1020 993 1096 1022 suo
1137 980 1278 1022 intulit
1314 982 1518 1023 Arsenius

41 1079 85 1119 p.
113 1065 211 1105 13⁰.
267 1063 306 1104 A
335 1060 610 1116 grammaticis
641 1073 694 1100 ne
723 1061 856 1102 semel
887 1061 1055 1113 quidem
1094 1060 1146 1101 ad
1176 1065 1318 1115 partes
1345 1065 1519 1103 vocatur

42 1143 255 1196 Antiphon
300 1141 506 1194 tragicus,
543 1142 592 1179 ut
635 1138 734 1180 hinc
771 1140 894 1180 etiam
927 1140 1161 1180 sententiae
1196 1145 1392 1192 nostrae,
1437 1154 1520 1195 qua

42 1221 276 1266 Adonidem
323 1219 518 1261 Medeam
568 1222 611 1258 et
658 1218 848 1261 Iasonem
885 1219 1134 1272 Antiphonti
1179 1220 1520 1274 abiudicavimus,

41 1305 328 1356 argumentum
357 1303 503 1352 petere
531 1297 667 1343 liceat.

154 1379 280 1421 Haud
320 1379 456 1419 minus
491 1376 608 1417 ferax
647 1390 837 1419 errorum
873 1380 1124 1433 permutatio
1154 1380 1368 1421 nominum
1398 1379 1519 1423 Anti-

41 1459 189 1515 pha'nis
218 1457 515 1512 Apollophanis
543 1457 803 1499 Antisthenis
831 1460 1134 1513 Aristophanis.
1199 1460 1359 1501 Prioris
1388 1472 1519 1514 gene-

39 1540 101 1580 ris
138 1538 372 1590 exemplum
410 1537 611 1578 habemus
660 1538 772 1591 apud
815 1539 1078 1580 Athenaeum
1115 1539 1177 1581 111
1215 1554 1256 1593 p.
1296 1538 1405 1590 75⁶,
1445 1538 1520 1581 ubi

46 1619 116 1671 qui
133 1617 351 1658 laudantur
367 1617 612 1670 Antiphanis
630 1618 888 1659 Cretense
901 1633 941 1668 s,
971 1632 1054 1660 non
1083 1620 1225 1670 huius,
1254 1620 1331 1661 sed
1345 1619 1520 1674 Apollo-

45 1697 194 1752 phanis
222 1695 403 1736 fabulam
433 1709 529 1736 esse
543 1697 623 1736 alio
640 1696 733 1737 loco
749 1699 1075 1739 demonstratum
1091 1703 1167 1740 est.
1196 1700 1249 1742 V.
1268 1713 1376 1753 quae
1393 1713 1522 1753 supra

47 1777 130 1821 dixi
159 1789 201 1830 p.
232 1777 330 1816 267.
386 1776 434 1816 In
463 1777 722 1818 Antisthenis
752 1779 891 1818 locum
920 1777 1088 1832 irrepsit
1117 1779 1378 1832 Antiphanes
1409 1779 1524 1833 apud,

47 1857 226 1901 eundem
252 1855 514 1897 Athenaeum
539 1856 639 1899 XIV
663 1871 706 1910 p.
737 1858 857 1898 656f
892 1852 1174 1914 Ἀντιφάνης
1205 1853 1251 1898 δ’
1271 1856 1318 1898 ἐν
1352 1856 1523 1899 Φυσιο-

45 1933 266 1992 γνωμικῷ·
303 1934 380 1976 καὶ
415 1931 499 1990 γὰρ
533 1933 695 1976 ἐκεῖναι
735 1934 792 1976 τὰ
831 1934 1050 1994 δελφάκια
1079 1935 1189 1995 πρὸς
1219 1934 1329 1992 βίαν
1354 1932 1533 1992 χορτὰ-·

47 2012 180 2070 ζουσι,
219 2014 296 2056 καὶ
321 2011 370 2055 ἐν
395 2013 710 2074 Προτρεπτικῷ
739 2014 787 2057 δέ
795 2030 806 2041 ·
845 2013 948 2058 ἀντὶ
989 2014 1240 2074 δελφακίων
1277 2015 1525 2073 προσφέρε-

48 2093 181 2144 σθαι,
224 2109 274 2136 ex
304 2108 386 2148 quo
415 2097 509 2137 loco
544 2092 908 2151 Φυσιογνωμικός
947 2103 990 2139 et
1018 2093 1349 2153 Προτρεπτικός
1384 2098 1428 2138 ἰιι
1457 2099 1523 2140 in-

51 2173 165 2216 «licen
191 2173 426 2214 fabularum
447 2177 693 2229 Antiphanis
729 2179 891 2230 recepti
928 2182 1039 2219 sunt.
1104 2178 1234 2230 Atqui
1260 2176 1524 2218 Antistheni·

0 2309 3 2313 .
51 2263 203 2292 nomen
236 2253 523 2304 reponendum
560 2267 654 2295 esse
690 2260 780 2296 tum
808 2269 862 2297 ex
890 2257 1063 2298 Polluce
1099 2257 1349 2310 intelligitur
1376 2256 1436 2299 VI
1465 2256 1530 2297 98

0 2357 2 2362 .
55 2323 302 2383 βομβυλιός,
320 2354 379 2364 --
404 2326 588 2387 ἔκπωμα
614 2331 820 2390 βομβοῦν
847 2332 895 2375 ἐν
923 2333 977 2393 τῇ
1006 2331 1156 2386 πόσει,
1183 2331 1244 2384 ὥς
1273 2330 1528 2377 ’Λντισθέσ

12 2392 15 2454 ἰ
55 2419 133 2458 νης
149 2405 209 2448 Αέν
233 2406 571 2470 Προτρεπτικῷ,
602 2427 708 2469 quae
736 2428 864 2471 supra
891 2415 1033 2471 attigi,
1062 2420 1152 2459 tum
1179 2429 1281 2460 vero
1308 2416 1528 2472 Diogenen

117 2606 190 2656 ⁸⁷)
218 2607 378 2661 Scripta
411 2597 516 2649 haec
550 2613 646 2651 sunt
684 2611 808 2664 longo
848 2615 1039 2665 tempore
1076 2617 1171 2653 ante
1206 2613 1468 2655 Athenaeum
1494 2623 1520 2652 a

165 2663 380 2706 Dindorfio
409 2666 577 2716 editum,
607 2669 678 2721 qui
708 2669 831 2709 allato
849 2670 1046 2724 Diogenis
1074 2670 1169 2712 loco
1199 2671 1373 2712 eandem
1389 2664 1532 2711 Athe-¹

85 2761 94 2774 ι
165 2733 270 2762 naeo
300 2723 627 2773 emendationem
657 2726 872 2775 adhibuit„
