1702 3190
223 189 305 229 236
679 196 887 225 smmi-ms.
946 195 1232 226 rnnopomus.

226 301 427 338 certarum
458 295 663 335 Strattidis
700 295 930 335 fabularum
969 295 1197 347 fragmenta
1226 299 1443 347 supersunt
1472 295 1663 335 duodevi-

227 375 340 426 ginti.
400 374 446 412 In
477 374 658 413 oratione
687 385 790 424 quae
819 373 962 411 habuit
990 373 1207 424 singularia
1236 378 1277 412 et
1306 387 1328 412 a
1358 374 1560 413 communi
1588 385 1664 413 usu

227 451 474 498 recedentia,
504 452 666 501 reperio
696 451 786 489 fere
817 450 931 488 haec.
990 445 1303 488 ,Μακεδονισσα
1335 451 1441 502 apud
1461 450 1666 490 Antiattic.

228 541 269 579 p.
303 529 383 566 108
413 529 480 566 29.
511 523 776 581 Σατυρίδιον
804 541 878 579 pro
908 525 1177 580 Σατυρίσκος
1206 528 1312 579 apud
1342 528 1598 567 Athenaeum
1630 527 1668 566 11

228 619 269 656 p.
301 606 354 644 68
370 605 399 644 f.
446 601 639 653 λεπάζειν
685 619 758 657 pro
786 603 939 643 λέπειν
975 606 1082 657 apud
1122 606 1313 644 Photium
1360 606 1456 645 Lex.
1504 619 1544 656 p.
1575 604 1668 644 184.

229 679 433 732 κοχύζειν,
471 683 505 721 si
534 688 646 722 recte
677 683 860 731 conficio,
892 684 991 721 dixit
1029 684 1135 734 apud
1165 683 1421 723 Athenaeum
1452 683 1469 721 1
1499 694 1540 733 p.
1571 682 1623 719 30
1638 681 1670 721 f.

231 754 463 810 δυσὸμοιος
498 773 572 811 pro
618 753 823 811 ἀνόμοιος
870 765 911 803 et
949 755 1293 810 ἀπομυθεῖσθαι
1332 772 1406 811 pro
1448 742 1672 807 ἀπολογεῖ-

230 835 347 876 σθαι
375 837 482 888 apud
513 837 677 876 Suidam
706 850 739 876 s.
770 850 807 876 v.
845 837 1032 876 Genitivo
1071 831 1346 888 σεμιδάλιδος
1383 849 1457 887 pro
1496 828 1673 887 σεμιδά-

230 913 333 961 λεως
361 926 457 954 usus
486 917 549 953 est
576 913 683 965 apud
712 914 967 954 Athenaeum
999 915 1057 954 111
1087 928 1127 966 p.
1159 916 1276 954 1270
1305 918 1353 961 et
1377 914 1587 953 Pollucem
1615 911 1674 953 VI

231 993 300 1033 75.
339 986 754 1046 στρογγυλόπλευρος
791 991 890 1030 dixit
926 993 1032 1043 apud
1071 993 1326 1037 Athenaeum
1356 991 1434 1032 VII
1469 1004 1511 1042 p.
1541 990 1622 1029 327
1637 1001 1675 1028 e.

168 1102 185 1116 χ
232 1066 420 1121 ἀγωγεὺς
469 1069 521 1108 de
565 1069 653 1107 loro
690 1081 769 1119 quo
812 1069 906 1119 equi
947 1053 1203 1108 adducuntur
1251 1069 1359 1120 apud
1396 1067 1675 1119 Phrynichum

231 1148 408 1187 Bekkeri
436 1161 476 1198 p.
506 1148 560 1186 22
589 1147 640 1186 21
676 1149 718 1184 et
746 1145 957 1184 Pollucem
987 1146 1024 1185 X
1052 1146 1121 1186 55.
1162 1140 1395 1198 ὁμόπτεροι
1423 1158 1496 1198 pro
1526 1138 1699 1197 &wiltu-3

233 1239 300 1271 κες
329 1225 435 1276 apud
466 1224 640 1262 eundem
657 1224 714 1265 VI
746 1223 840 1262 156.
871 1218 1100 1275 γελάσιμος
1127 1236 1202 1276 pro
1232 1220 1394 1274 γελοῖος
1422 1222 1527 1274 apud
1545 1221 1679 1273 Phry-

234 1303 401 1343 nichum
430 1302 519 1340 Ecl.
550 1313 590 1351 p.
621 1302 715 1340 226.
755 1296 888 1353 ἄκρον
922 1303 1052 1353 prima
1081 1301 1278 1352 producta
1309 1301 1406 1339 dixit
1435 1300 1543 1351 apud
1571 1299 1677 1338 Har-

234 1384 388 1433 pocrat.
418 1392 459 1431 p.
484 1379 564 1417 176
595 1379 647 1417 12
676 1371 735 1424 εἰς
763 1374 906 1431 ἄκρον,
933 1371 1076 1432 ὥσπερ
1107 1374 1258 1426 ἱστίον,
1286 1373 1363 1416 τὸν
1394 1372 1529 1416 ἱστόν.
1595 1375 1680 1415 Sed

235 1459 316 1498 hoc
359 1456 523 1508 quidem
567 1457 688 1495 etiam
727 1456 795 1495 alii
841 1457 1023 1495 eiusdem
1065 1457 1207 1496 aetatis
1253 1456 1397 1495 comici
1431 1454 1508 1494 sibi
1543 1452 1679 1492 indul-

238 1539 392 1576 serunt.
1523 1524 1525 1526 ¹

351 1610 753 1659 THEOPOMPUS,
783 1610 1059 1651 Atheniensis.
1123 1611 1257 1650 Huius
1286 1615 1433 1649 nomen
1463 1609 1504 1648 in
1533 1607 1682 1647 codici-

239 1693 316 1732 bus
347 1689 496 1741 passim
531 1682 810 1739 (θεόπεμπτος
835 1690 1045 1737 scribitur,
1075 1689 1187 1728 velut
1216 1689 1324 1741 apud
1353 1690 1553 1727 Zonaram
1583 1686 1690 1724 Lexf

241 1786 282 1824 p.
321 1769 403 1808 210
438 1766 609 1816 aliisque
647 1766 747 1805 locis
787 1767 836 1805 ab
877 1767 907 1806 l.
945 1767 1127 1806 Meursio
1172 1766 1223 1805 ad
1259 1766 1510 1817 Hesychium
1547 1763 1688 1802 Miless

242 1864 283 1902 p.
315 1845 396 1885 104
426 1846 496 1883 Or.
525 1844 724 1883 indicatis.
756 1844 841 1883 Cfr.
873 1844 1001 1883 varias
1031 1845 1227 1883 lectiones
1257 1844 1307 1883 ad
1336 1842 1532 1884 Artemid.
1558 1841 1614 1880 IV
1643 1840 1683 1878 3.

243 1929 304 1968 De
343 1925 422 1962 hoc
456 1922 511 1959 ita
539 1921 684 1960 Suidas
727 1923 888 1961 scribit:
931 1916 1208 1972 Θεόπομπος,
1258 1918 1492 1959 Θεοδέκτου
1519 1912 1546 1966 ἢ
1580 1912 1687 1955 &eo-³-

244 1999 396 2055 δώρου,
422 1995 695 2046 Ἀθηναῖος,
724 1994 919 2051 κωμικός,
947 1995 1116 2047 ἐδίδαξε
1147 1992 1351 2050 δράματα
1380 1992 1458 2038 κδ’.
1516 1992 1610 2034 ἐστὶ
1638 1990 1697 2042 ‹5ss

246 2079 321 2129 τῆς
357 2071 539 2129 ἀρχαίας
574 2059 808 2130 κωμῳδίαξ
835 2072 937 2115 κατ’
982 2071 1330 2130 Ἀριστοφάνην.
1397 2068 1599 2127 δράματα
1639 2063 1696 2110 δὲ.-

248 2154 383 2198 aino&
417 2148 500 2192 εἰσὶ
529 2153 601 2191 καὶ
631 2149 741 2191 ἄλλα
771 2148 923 2193 πολλά.
989 2153 1111 2192 Patre
1148 2154 1274 2206 igitur
1310 2156 1448 2192 natum
1485 2151 1584 2190 dicit
1621 2143 1697 2210 vel?¹

248 2234 488 2278 Theodecte
517 2232 581 2270 vel
612 2232 849 2281 Theodoro,
881 2245 1001 2284 quem
1031 2232 1098 2282 qui
1127 2231 1323 2283 tragicum
1353 2229 1449 2268 dicit
1478 2223 1693 2270 Fabricius*

246 2316 351 2355 Bibl.
383 2313 453 2351 Gr.
485 2310 523 2348 11
553 2323 593 2361 p.
623 2310 702 2348 501
736 2311 926 2362 cogitavit
954 2311 1129 2349 fortasse
1159 2309 1210 2348 de
1234 2307 1455 2347 Theodoro
1486 2318 1534 2344 eo
1568 2310 1688 2356 quem

250 2388 581 2432 commemoravit
612 2388 817 2439 Diogenes
848 2390 984 2428 Laert.
1022 2389 1059 2427 II
1089 2390 1128 2427 8.
1188 2385 1270 2425 Sed
1299 2385 1334 2423 is
1365 2396 1486 2435 quum
1515 2383 1691 2423 Alexam.

251 2471 323 2509 dro
355 2467 540 2507 Pheraeo
571 2468 751 2518 aequalis
780 2467 918 2515 fuerit,
950 2466 1208 2518 Theopompi
1238 2468 1355 2515 pater
1384 2474 1474 2501 esse
1502 2454 1688 2512 profect&

251 2561 331 2588 non
360 2546 515 2597 potuit:
556 2545 711 2584 accedit
741 2545 849 2595 quod
880 2545 999 2595 plane
1028 2543 1268 2583 incredibile
1298 2544 1381 2586 est,
1418 2538 1563 2590 tragici
1590 2549 1688 2589 poe-

250 2630 319 2665 tae
346 2623 475 2662 filium
505 2624 726 2662 comoediis
756 2623 980 2662 scribendis
1010 2634 1174 2673 operam
1204 2619 1386 2665 dedisse,
1418 2616 1532 2655 cuius
1561 2614 1620 2652 rei
1647 2612 1689 2652 in

253 2706 338 2742 tota
366 2701 426 2740 rei
454 2700 675 2740 litterariae
705 2701 811 2751 apud
826 2701 1003 2739 Graecos
1023 2698 1192 2737 historia
1222 2697 1376 2737 nullum
1406 2693 1527 2734 credo
1555 2702 1690 2731 exem·
