1702 3190
439 159 493 188 nn
524 156 681 187 numm
713 154 952 184 cononum
982 153 1150 184 tuom.
1446 136 1532 181 881

64 256 277 317 φειωσίας
309 256 570 314 Ἀρτέμιδος
597 254 722 313 ἱερῷ·
761 248 1031 302 Κλεάνθους
1062 248 1115 294 δ’
1132 251 1228 294 ἐστὶ
1255 249 1337 294 τοῦ
1365 248 1535 308 Κοριν-

67 338 201 382 θίου·
239 337 287 380 ἐν
320 328 350 397 ᾗ
377 335 613 379 Ποσειδῶν
648 331 886 386 πεποίηται
921 329 1097 375 θύννον
1137 330 1195 389 τῷ
1234 332 1306 373 Διὶ
1335 329 1538 387 προσφέ-

68 431 155 474 ρων
181 414 410 467 ὠδίνοντι,
450 413 508 466 ὥς
547 415 715 470 ἱστορεῖ
739 411 987 468 Δημήτριος
1022 410 1070 452 ἐν
1106 406 1243 467 ὀγδόῃ
1281 410 1362 452 τοῦ
1395 411 1538 465 Τρωΐ-

66 495 147 539 κοῦ
174 493 433 551 διακόσμου.
500 500 615 550 Quae
652 496 841 549 profecto
874 492 1086 548 perfaceta
1116 495 1179 531 est
1209 493 1439 544 gravissimi
1468 506 1536 533 ar-

67 579 253 632 gumenti
290 578 479 617 tractatio
524 582 566 616 et
604 576 855 616 comicorum
897 576 1115 625 poetarum
1157 571 1435 610 aemulatione
1472 571 1536 610 di-

67 658 282 710 gnissima:
311 668 444 707 neque
474 656 615 695 dubito
641 654 833 706 equidem
851 653 948 704 quin
979 651 1135 691 similes
1164 663 1306 690 rerum
1335 649 1538 702 imagines

65 736 107 775 in
136 735 345 787 plerisque
378 734 542 773 illarum
579 733 813 772 fabularum
849 733 1187 783 repraesentatae
1223 728 1394 768 fuerint.
1453 728 1538 768 Ita-

0 869 1 873 *
65 825 145 865 que
174 826 254 852 non
286 812 476 851 convenit
504 812 606 853 mihi
637 825 730 853 cum
753 812 853 854 Viro
885 811 1055 850 Summo
1086 808 1128 848 in
1158 807 1364 860 Aglaoph.
1394 820 1435 860 p.
1450 807 1538 847 437

0 906 3 919 >
65 891 135 944 qui
169 895 486 930 commemorata
516 891 718 932 Heerenii
749 891 802 931 ad
838 890 1008 931 Stobaei
1037 888 1129 929 Ecl.
1171 887 1292 940 phys.
1324 887 1342 930 Ι
1379 899 1421 939 Ρ.
1452 886 1537 927 239

67 969 288 1019 sententia,
329 970 399 1022 qui
435 970 693 1022 Hermippeo
744 969 918 1011 dramati
954 969 1170 1010 Minervae
1214 970 1377 1014 ortum,
1413 977 1538 1017 quem

0 1068 2 1078 ι
66 1052 212 1102 poetae
247 1049 483 1099 tradidere,
522 1050 755 1089 subiectum
793 1049 922 1088 fuisse
953 1047 1182 1095 existimat,
1220 1045 1399 1085 haerere
1427 1045 1538 1086 hauc

58 1128 344 1168 ,coniecturam
379 1128 558 1167 affirmat
593 1128 636 1167 in
673 1128 861 1181 Polyzeli
899 1126 1065 1175 fabula3
1103 1139 1199 1165 nam
1235 1125 1288 1164 de
1319 1125 1538 1166 Musarum

55 1210 184 1261 -partu
213 1206 469 1248 comoediam
499 1208 612 1247 nasci
646 1208 714 1247 vix
749 1208 962 1260 potuisse,
990 1217 1126 1257 neque
1155 1204 1333 1256 intelligi
1362 1216 1442 1256 qua
1470 1217 1542 1244 ra·-

56 1287 178 1329 tione
208 1286 390 1327 Philisco
418 1287 461 1328 in
486 1300 568 1327 una
597 1287 738 1326 fabula
775 1281 944 1339 ‘Eppwfi
979 1282 1055 1323 καὶ
1091 1278 1368 1336 Ἀφροδίτης
1406 1281 1540 1335 γοναὶ

66 1367 277 1406 amborum
314 1366 487 1406 deorum
526 1370 641 1406 ortus
680 1366 866 1405 diversos
902 1363 1119 1404 includere
1157 1363 1335 1403 licuerit.
1400 1363 1542 1404 Huius

66 1459 164 1486 vero
195 1444 450 1485 difficultatis
478 1445 591 1484 haud
620 1446 733 1485 aliud
762 1444 988 1496 suffugium
1018 1455 1112 1484 esse
1150 1443 1375 1492 existimat,
1415 1455 1539 1495 quam

66 1528 113 1565 ut
137 1526 217 1564 hae
246 1524 414 1564 fabulae
442 1537 465 1563 a
495 1524 748 1564 solemnibus
779 1524 1067 1563 denominatae
1096 1527 1322 1575 putentur,
1360 1534 1539 1574 quorum

66 1603 286 1655 imaginem
314 1607 676 1656 repraesentarent
705 1604 914 1643 imitandis
943 1603 1139 1642 conviviis
1170 1602 1397 1654 pervigiliis
1426 1602 1540 1642 aliis-

57 1695 148 1735 que
193 1683 365 1723 ludicris
416 1695 524 1735 quae
577 1682 629 1721 ad
677 1682 803 1723 animi
847 1682 1081 1734 requietem
1134 1681 1540 1732 delectationemque

68 1769 332 1814 quaeruntur.
396 1762 514 1802 Ilaec
542 1762 796 1812 Lobeckius,
841 1762 958 1802 cuius
993 1761 1046 1802 de
1075 1760 1261 1812 Polyzeli
1291 1760 1431 1799 fabula
1462 1760 1538 1801 du-

68 1840 252 1881 bitatioui
277 1841 336 1881 ita
362 1840 542 1881 fortasse
572 1842 734 1882 occurri
766 1845 932 1895 potest,
966 1845 1013 1880 ut
1041 1840 1322 1892 periculosum
1353 1853 1446 1879 esse
1476 1840 1539 1880 di-

70 1931 228 1968 camus,
265 1921 404 1973 graeci
434 1924 583 1973 poetae
612 1922 654 1961 iu
683 1920 932 1960 inveniendo
963 1919 1175 1960 solertiam
1205 1919 1331 1958 certis
1363 1920 1540 1959 circum-

69 1999 250 2039 scribere
277 2000 386 2039 velle
414 2000 627 2041 limitibus.
694 1999 779 2039 Sed
807 2000 950 2040 licebit
979 1999 1155 2039 ulterius
1184 1998 1403 2050 progredi;
1443 2010 1539 2038 nam

68 2074 190 2116 huius
218 2089 382 2129 quoque
410 2078 575 2119 fabulae
605 2083 894 2132 argumentum
921 2092 946 2118 a
972 2079 1189 2119 Musarum
1219 2082 1339 2130 partu
1369 2077 1540 2118 ductum

68 2154 212 2203 fuisse,
241 2155 354 2195 haud
381 2157 523 2209 inepte
552 2170 604 2197 ex
631 2158 698 2198 his
727 2159 905 2198 Zenobii
935 2158 1075 2197 verbis
1105 2156 1300 2195 coniicias
1329 2157 1450 2197 Ceut.
1480 2155 1559 2198 Vl.

72 2231 129 2270 50
155 2223 303 2286 ὥσπερ
333 2230 580 2283 Χαλκιδικὴ
614 2233 788 2273 τέτοκεν
821 2230 928 2287 ἡμῖν
963 2229 990 2282 ἡ
1021 2229 1152 2286 γυνή·
1194 2229 1359 2283 ζαύτης
1387 2228 1543 2272 Hostb-

74 2305 198 2357 ζηλος
223 2307 443 2362 μέμνηται
469 2309 516 2350 ἐν
545 2309 747 2353 Μουσῶν
773 2315 923 2366 γοναῖς
952 2308 1024 2352 ἐπὶ
1052 2324 1171 2360 τινος
1198 2309 1364 2360 πολλὰς
1392 2312 1542 2365 §vya-

6 2397 11 2435 ᾗ
74 2385 202 2440 τέρας
229 2382 547 2439 ἂπογεννώσης.
608 2393 726 2432 lllam
755 2394 863 2434 enim
893 2393 1126 2442 mulierem,
1155 2406 1276 2445 quam
1307 2406 1399 2434 cum
1413 2393 1541 2434 ctu}-

6 2485 9 2515 3
79 2466 210 2506 cidica
237 2472 402 2508 centum
430 2469 606 2509 filiarum
636 2476 768 2512 matre
798 2475 1008 2525 comparat
1029 2471 1267 2524 Polyzelus‚
1296 2485 1418 2525 quam
1447 2478 1538 2512 tau-

8 2559 10 2585 ;
78 2545 174 2585 dem
203 2545 324 2586 aliam
350 2547 480 2588 fuisse
507 2553 701 2601 putemus
731 2551 810 2594 nisi
848 2551 982 2604 ipsam
1011 2551 1359 2604 Muemosynem?
1417 2551 1540 2592 Faci-

8 2639 11 2680 '.
75 2623 158 2664 lius
188 2624 325 2674 etiam,
351 2630 399 2666 ut
427 2627 528 2668 mihi
552 2629 719 2680 quidem
747 2629 924 2679 videtur,
954 2630 1125 2671 alteram
1141 2631 1339 2671 Lobeckii
1370 2630 1422 2670 de
1440 2628 1541 2669 Pm-

76 2701 167 2743 linei
200 2697 367 2756 Ἑρμοῦ
394 2703 471 2743 καὶ
498 2697 777 2761 Ἀφροδίτης
805 2708 954 2761 γοναῖς
983 2710 1281 2754 dubitationem
1299 2715 1541 2749 removeas.
