1702 3190
214 195 270 234 22
835 204 1039 232 comosum

214 301 364 342 ποιεῖν.
429 301 491 341 Ex
527 313 606 353 quo
643 300 734 344 loco
771 301 887 354 plura
918 315 1037 354 quam
1067 301 1241 341 debebat
1285 302 1450 356 collegit
1486 301 1666 344 Muelle-

214 392 284 419 rus
308 380 404 418 Dor.
433 378 473 417 11
509 392 549 431 p.
555 378 667 420 350.
738 381 883 431 Neque
920 383 1034 419 recte
1063 380 1354 431 interpretatus
1393 386 1464 430 est⁴
1483 382 1546 421 vir
1581 381 1667 421 exi-

218 458 346 495 mius.
378 497 382 501 ,

214 533 352 574 Wohl
382 535 580 572 stammt
608 533 735 572 mein
755 533 884 572 Lied
914 545 1000 572 aus
1019 533 1240 584 Megara,
1261 532 1344 572 die
1361 533 1664 583 Komoedie;

214 610 356 650 Doch
393 623 487 650 was
529 610 833 662 geschieht‚
882 611 956 650 ist
1000 610 1327 663 keineswegs
1365 610 1664 663 Megarisch

970 689 1160 739 plump·

214 764 367 804 Sensus
393 762 503 802 haud
533 763 655 802 dubie
683 763 750 803 hic
781 768 864 803 est:
896 765 990 804 nolo
1021 765 1317 816 spectatoribus
1347 765 1543 804 molestus
1574 777 1665 805 esse

213 841 448 892 Megaricae
478 841 711 879 comoediae
741 842 917 880 carmine
946 843 1176 891 recitand03
1206 843 1332 895 pudet
1362 843 1468 882 enim
1486 842 1665 882 fabulam

213 930 346 957 meam
384 917 587 969 insipidis,
631 919 772 969 quales
809 920 1112 970 Megarensium
1150 923 1362 972 poetarum
1400 924 1514 968 sunt,
1561 920 1663 959 iocis

213 996 473 1047 adspergere.
531 997 676 1047 Neque
707 997 814 1034 enim
845 996 1021 1058 dubitari
1051 1000 1200 1048 potest,
1231 998 1326 1049 quin
1343 1001 1456 1036 recte
1485 997 1583 1037 olim
1613 996 1665 1036 ad

213 1070 467 1112 Philemonis
495 1072 641 1123 fragm.
672 1087 711 1124 p.
742 1075 824 1112 382
862 1062 963 1125 frop?
995 1067 1048 1111 οὐ
1077 1070 1209 1125 δίειιιι
1239 1074 1498 1112 scribendum
1528 1074 1666 1113 conie-

214 1149 341 1188 cerim
382 1160 456 1199 pro
497 1149 607 1188 edito
645 1138 767 1201 ἆσμα
798 1146 953 1201 δίειμι,
992 1162 1112 1201 quam
1144 1150 1344 1190 rationem
1374 1136 1525 1202 optime
1553 1151 1667 1190 Feli-

213 1226 322 1266 eiani
349 1225 483 1265 versio
514 1238 563 1264 ex
590 1225 813 1278 integriore
837 1229 996 1279 Aspasii
1025 1228 1167 1268 codice
1197 1227 1316 1266 ducta
1347 1228 1454 1279 apud
1482 1228 1666 1268 Gaisfor-

215 1302 327 1343 dium
363 1303 415 1342 ad
443 1302 669 1354 Hephaest.
709 1316 747 1355 p.
779 1305 832 1343 96
869 1306 1102 1345 confirmat:
1139 1309 1425 1358 praetereo
1462 1319 1665 1348 carmen

212 1378 514 1434 Megaricae
543 1381 850 1421 comoediae.
908 1382 1061 1423 Versus
1089 1383 1167 1435 ipsi
1195 1382 1251 1421 ita
1281 1382 1514 1433 digerendi:

1177 1457 1429 1513 Μεγαρικῆς

451 1528 679 1588 κωμῳδίας
706 1522 808 1588 ἇσμ’
839 1529 892 1574 οὐ
921 1529 1061 1587 oluff.
1093 1529 1344 1591 ᾐσχυνόμην

452 1607 503 1651 τὸ
534 1608 682 1663 δρᾶμα
712 1607 966 1666 Μεγαρικὸν
993 1614 1146 1653 ποιεῖν.

213 1684 400 1738 Denique
435 1689 487 1728 ad
523 1689 694 1729 eandem
729 1690 842 1730 illam
871 1691 1107 1742 Megaricae
1136 1690 1372 1730 comoediae
1399 1689 1664 1743 petulantiam

214 1763 337 1804 etiam
367 1760 423 1823 τρὶ
452 1763 721 1806 Μἀισωνικὰ
749 1763 992 1820 σκώμματα
1020 1769 1228 1821 pertinere
1268 1768 1478 1818 existimo,
1508 1781 1612 1820 quae
1641 1781 1666 1808 a

211 1839 433 1892 Maesone,
469 1844 681 1896 Megarico
719 1845 942 1895 histrione,
981 1846 1052 1897 qui
1088 1845 1264 1884 ludicras
1302 1846 1409 1885 servi
1446 1849 1488 1885 et
1516 1847 1665 1887 dicacis

212 1919 333 1971 coqui
361 1934 557 1973 personas
586 1923 813 1972 invenerat,
842 1935 991 1962 nomen
1015 1922 1185 1961 traxisse
1215 1936 1263 1961 ex
1283 1923 1554 1975 Aristophane
1582 1925 1665 1977 By-

213 1998 347 2037 zantio
389 1999 511 2039 docet
550 1999 788 2040 Athenaeus
817 1999 916 2042 XIV
953 2013 994 2053 p.
1024 2000 1139 2039 659a
1176 1994 1371 2038 Μαίσων
1406 1999 1551 2053 γέγονε
1578 2014 1666 2040 κω-

210 2069 379 2128 μωδίας
416 2070 648 2130 ὑποκριτὴς
685 2072 914 2132 Μεγαρεὺς
949 2073 1000 2115 τὸ
1040 2074 1182 2128 γένος,
1222 2070 1271 2123 ὃς
1310 2076 1384 2116 καὶ
1412 2074 1462 2117 τὸ
1492 2069 1666 2133 προσω-

213 2150 336 2189 πεῖον
365 2142 459 2206 εὗρε
486 2150 538 2193 τὸ
567 2149 640 2193 ἀπ’
661 2149 798 2193 αὐτοῦ
819 2147 1088 2206 καλούμενον
1105 2148 1343 2202 Μαίσωνα,
1371 2150 1430 2202 αἷς
1453 2150 1666 2209 Ἀριστο-
1691 2158 1697 2160 ξ

213 2222 356 2279 φάνης
383 2229 523 2283 φησὶν
550 2226 827 2280 ὁΒυζάντιος
848 2229 897 2270 ἐν
923 2227 983 2285 τῷ
1011 2229 1109 2284 περὶ
1136 2225 1390 2282 προσώπων,
1420 2227 1557 2286 εὑρεῖν
1584 2230 1665 2274 αὗ-

212 2299 292 2342 τόν
320 2301 501 2357 φάσκων
533 2308 610 2348 καὶ
646 2305 697 2348 τὸ
726 2305 806 2347 τοῦ
833 2302 1110 2362 θεράποντος
1137 2303 1372 2362 πρόσωπον
1406 2308 1481 2349 καὶ
1509 2307 1559 2351 τὸ
1586 2308 1667 2352 τοῦ

211 2378 434 2435 μαγείρου.
491 2385 567 2424 καὶ
596 2379 767 2432 εἵκότως
795 2383 868 2425 καὶ
898 2381 953 2424 τὰ
982 2379 1150 2431 τούτοις
1178 2384 1399 2439 πρέποντα
1423 2383 1664 2441 σκώμματα

212 2457 407 2499 καλεῖται
447 2457 706 2512 μαισωνικά.
774 2463 867 2503 Cfr.
895 2462 1138 2503 Eustathius
1166 2463 1218 2502 ad
1246 2465 1370 2505 Hom.
1398 2478 1439 2516 p.
1455 2467 1577 2518 1751,
1594 2468 1663 2512 56.

213 2536 279 2576 Ad
315 2538 489 2578 eundem
515 2539 754 2581 Maesonem
789 2541 998 2594 pertinere
1035 2540 1138 2579 haec
1165 2541 1338 2581 Zenobii
1368 2542 1662 2595 Cent.11,11

214 2608 305 2652 ἄντ’
347 2611 586 2669 εὐεργεσίης
619 2611 923 2668 Αγαμὲμνονα
961 2614 1105 2665 δῆσαν
1149 2602 1355 2669 Ἀχαιοῖς
1406 2611 1517 2671 αὕτη
1551 2619 1665 2662 κατὰ

217 2690 302 2730 τῶν
330 2687 393 2743 rig
386 2689 575 2746 «ιγρίστων
604 2692 662 2731 λέ·
650 2706 781 2743 μῖαι.
823 2694 936 2744 φασὶ
966 2691 1011 2731 δὲ
1040 2688 1178 2742 αὐτὴν
1207 2691 1291 2734 ὑπὸ
1322 2694 1531 2740 Μὲσωνος
1560 2695 1662 2749 (leg.
