1702 3190
651 147 868 179 cna-rinus.
1423 135 1508 179 411

41 251 175 299 xcw
211 250 286 301 235
321 249 563 293 Athenaeus
603 249 643 293 11
686 263 729 304 p.
756 250 812 290 63
829 261 853 290 a
891 250 936 291 et
974 246 1238 301 Theophilus
1277 248 1331 293 ed
1365 250 1509 294 Autol-

41 344 84 386 ξ.
112 331 207 373 296.

0 406 2 418 “
153 407 440 450 CRATINUS
468 408 618 451 iunior.
676 408 813 451 Huius
842 409 1019 448 aetatem
1049 406 1291 448 certissimis
1320 410 1512 453 tenemus

0 483 4 490 r

0 498 7 546 ξ
39 487 216 537 indiciis,
255 497 296 528 ν.
336 500 372 527 c.
418 489 528 540 quod
568 489 782 530 Platonem
821 487 862 529 in
899 485 1133 539 fragmento
1182 486 1293 537 apud
1335 487 1510 540 Diogen.

0 555 7 640 ξ
40 567 180 610 Laert.
213 566 273 605 111
303 566 359 606 28
388 571 711 616 commemorat,
752 569 795 608 et
823 564 1035 616 Corydum
1065 563 1354 617 Pythagoreos
1384 567 1510 609 alios-

0 641 6 696 ξ
38 657 122 698 que
150 645 194 684 id
221 657 352 696 genus
382 645 571 685 homines
613 645 803 697 exagitat.
873 645 918 684 Si
957 646 1072 684 certo
1113 648 1322 685 constaret
1351 646 1512 687 Arche-

0 743 5 786 μ
39 724 263 776 phontem‚
300 735 422 774 quem
451 727 748 764 commemorat
777 722 888 776 apud
918 723 1179 764 Athenaeum
1209 722 1269 764 Xl
1299 737 1340 776 p.
1370 724 1454 764 469
1473 738 1511 775 c,

37 802 215 842 eundem
261 814 353 841 esse
391 801 445 841 de
483 814 564 853 quo
597 802 779 842 Machon
818 803 905 855 agit
942 802 999 844 VI
1047 815 1088 854 p.
1127 802 1212 842 242
1236 815 1274 851 a,
1318 803 1512 846 Cratinus

35 881 159 923 vitam
197 891 328 932 usque
367 879 420 920 ad
458 880 690 921 Ptolemaei
734 880 1002 934 Philadelphi
1038 883 1227 933 tempora
1267 882 1512 937 produxisse

35 959 168 1008 videri
188 962 342 1013 posset.
372 959 483 999 Huic
507 973 611 1012 quae
635 960 790 1000 diserte
813 961 1052 1000 tribuuntur
1073 959 1253 1010 fabulae,
1283 960 1364 1002 hae
1392 965 1510 1003 sunt:

36 1034 311 1091 Γίγαντες
341 1038 450 1092 apud
478 1038 740 1080 Athenaeum
762 1039 841 1081 XV
869 1052 911 1091 p.
942 1039 1024 1079 661
1046 1051 1085 1087 e,
1121 1038 1383 1091 Hesychium
1411 1054 1446 1084 s.
1471 1054 1512 1085 v.

32 1111 312 1170 Πααμύλης,
339 1131 387 1158 ac
414 1117 593 1159 fortasse
623 1119 746 1159 etiam
776 1118 886 1172 apud
913 1117 1174 1159 Athenaeum
1204 1116 1262 1160 V1
1301 1132 1342 1172 p.
1373 1120 1456 1160 241
1474 1132 1512 1171 c,

34 1196 108 1239 ubi
135 1196 288 1250 legitur
315 1193 363 1237 ἐν
397 1195 568 1248 Τιτᾶσι,
599 1210 846 1251 quamquam
881 1195 1072 1244 Τιτᾶνας
1102 1197 1245 1237 docuit
1275 1197 1401 1238 etiam
1423 1199 1513 1240 Eu-

35 1276 171 1318 bulus.
237 1277 328 1318 Nisi
362 1278 500 1330 potius
540 1277 583 1317 in
613 1278 754 1330 priore
782 1278 875 1317 leco
906 1277 1112 1318 Athenaei
1150 1280 1194 1317 et
1233 1277 1342 1329 apud
1372 1277 1513 1334 Hesy-

20 1355 175 1408 fchium
209 1352 366 1408 Τιτᾶσι
389 1356 613 1409 legendum
625 1361 688 1396 est
699 1369 775 1409 pro
792 1352 963 1408 Γίγασι.
980 1358 995 1382 ⁸
1010 1359 1051 1408 ⁷)
1095 1357 1228 1398 Favet
1255 1355 1356 1397 huic
1371 1357 1513 1402 conie-

0 1478 1 1492 χ
34 1438 178 1476 cturae
207 1435 510 1487 quodammodo
541 1435 659 1475 locus
688 1435 911 1490 Hesychii,
954 1430 1232 1489 Πααμύληςε
1266 1429 1515 1488 Αἰγύπτιος

0 1526 1 1544 ¹
33 1510 146 1561 θεὸς
162 1508 453 1567 Πριαπώδης.
487 1513 704 1568 Κρατῖνος
732 1509 757 1555 ὁ
787 1510 992 1571 νεώτερος
1007 1511 1168 1567 Γίγασι
1181 1510 1280 1563 «ὥς
1309 1488 1516 1571 σφοδΙρῶς

0 1571 2 1622 ᾗ
35 1587 369 1646 Αἰγυπτιώὸης,
407 1587 638 1649 Σωχάρης,
665 1588 971 1646 Πααμύλης,»
1021 1599 1284 1647 comparatus
1324 1607 1418 1638 cum
1447 1596 1515 1637 his

0 1654 2 1709 ᾗ
37 1673 178 1715 Photii
207 1674 308 1715 Lex.
337 1686 380 1726 p.
408 1672 492 1713 592
518 1675 545 1713 2
574 1669 826 1727 ἐνομίζοντο
856 1672 904 1714 δὲ
933 1671 997 1725 (οἱ
1032 1671 1232 1726 Τιτᾶνες)
1263 1672 1352 1714 ταῖν
1366 1674 1515 1729 Πρια-

35 1749 197 1793 πωδῶν
231 1749 355 1792 θεῶν
394 1741 520 1792 εἶναι.
591 1754 751 1804 Quibus
790 1754 1020 1796 consimilia
1058 1752 1260 1807 leguntur
1285 1756 1396 1808 apud
1424 1756 1514 1799 Eu-

0 1865 2 1867 >
37 1832 234 1873 stnthium
263 1831 316 1872 ad
344 1832 470 1873 Hom.
499 1846 542 1886 p.
571 1833 658 1874 985
686 1833 741 1874 51
780 1828 804 1873 ὁ
832 1830 1030 1882 κίναιδος
1059 1831 1136 1873 καὶ
1165 1828 1342 1883 πειόλης
1377 1828 1517 1876 Τιτὰν

36 1907 286 1962 σκωπτικῶς
314 1907 531 1962 λέγονται.

154 1987 483 2045 Θηραμένης
511 1990 704 2031 laudatur
731 1990 948 2033 Athenaeo
974 1991 1033 2035 lv
1060 2005 1104 2046 p.
1135 1992 1219 2034 177
1236 2004 1274 2041 a,
1302 1991 1376 2032 ubi
1403 2003 1516 2032 nunc

35 2067 190 2122 legitur
217 2082 267 2110 ex
297 2070 586 2111 emendatione
614 2071 999 2124 Schweighaeuseri
1035 2067 1281 2125 Θηραμένει
1309 2084 1386 2124 pro
1424 2067 1515 2119 Θη-

0 2163 1 2180 ÷
36 2144 229 2200 ραμένῃ,
269 2159 515 2199 quamquam
547 2150 641 2201 quis
677 2150 807 2189 fuerit
837 2151 1123 2192 Theramenes
1152 2151 1247 2199 ille,
1284 2163 1308 2190 a
1337 2162 1420 2201 quo
1449 2149 1515 2191 fa-

41 2221 166 2263 bulae
196 2235 297 2264 sune
325 2237 477 2267 nomen
504 2227 652 2267 indidit
679 2227 895 2279 Cratinus,
937 2228 1109 2269 difficile
1140 2228 1254 2269 dictu
1285 2232 1365 2269 est.
1426 2229 1515 2273 Au-

103 2421 174 2471 ⁸⁷)
204 2421 398 2473 Gigantes
433 2425 477 2466 in
517 2425 714 2467 Titanum
752 2428 889 2470 locum
938 2430 1197 2483 irrepserunt
1239 2432 1363 2472 etiam
1403 2431 1514 2484 apud

157 2477 324 2520 Suidam
354 2482 435 2522 vol.
465 2482 504 2522 11
535 2498 576 2536 p.
608 2485 661 2524 91
691 2480 890 2534 Ἰαπετὸς
919 2478 979 2534 εἷς
1011 2484 1097 2525 τῶν
1127 2483 1368 2540 Ιὶγάντων.
1402 2489 1515 2528 Con-

155 2538 219 2597 tra
259 2537 429 2601 Titanes
466 2541 700 2593 expellendi
751 2557 775 2584 e
813 2544 954 2585 schol.
990 2546 1184 2597 Apollou.
1223 2547 1307 2587 Rh.
1346 2546 1386 2586 11
1427 2546 1514 2585 789

155 2602 237 2638 την
271 2591 468 2633 Τιτανων
497 2593 639 2647 πόλιν,
671 2599 742 2638 ubi
770 2601 865 2653 lege
901 2599 1097 2651 Τιανῶν,
1128 2604 1197 2655 qui
1227 2607 1324 2644 sunt
1351 2602 1514 2643 incolae

157 2648 272 2686 urbis
301 2649 392 2698 Tii,
431 2653 546 2694 cuius
584 2668 735 2695 nomen
775 2670 852 2711 pro
889 2653 1039 2698 Τίτιον
1076 2661 1337 2701 reddendum
1378 2658 1514 2698 eidem

160 2704 415 2747 Scholiastae
443 2709 496 2749 ed
525 2724 583 2752 vs.
612 2712 710 2752 780.
