1702 3190
460 122 722 152 manuus.
781 117 1030 149 vocamus.
1409 98 1493 142 261

19 220 185 283 ⁴quoties
219 225 368 269 Pollux
405 228 449 266 et
484 224 614 265 semel
654 221 891 275 Hesychius
926 232 960 261 s.
1000 233 1040 260 v.
1072 208 1492 271 λιχνοφειδωλάργν-

19 321 106 365 ρος.
135 307 294 350 Eodem
324 306 447 346 titulo
477 305 639 345 fabulas
664 303 894 343 docuerunt
910 298 1083 351 Eupolis
1110 300 1153 336 et
1167 295 1492 338 Anaxandrides.

120 387 321 439 vDenique
363 378 698 439 Φρεωρὺχος.
738 380 886 421 Pollux
915 378 996 421 vll
1027 376 1108 416 191
1140 374 1218 414 καὶ
1247 369 1494 430 ([ρεωρύχος

22 464 70 508 δὲ
100 461 156 506 ἂν
183 463 249 516 εἴη
280 463 431 518 τέχνης
458 453 586 510 εἶδος.
658 453 880 513 Φιλυλλίῳ
915 453 999 511 γὰρ
1029 448 1178 509 ὃρᾶμά
1206 467 1251 494 τι
1278 449 1303 493 ὁ
1338 452 1493 509 Φρεω-

24 541 167 602 ρύχος.
226 545 436 586 Laudatur
467 543 589 583 etiam
619 541 670 579 ab
700 539 914 580 Athenaeo
945 541 988 578 et
1016 536 1142 577 tacito
1172 534 1342 575 fabulae
1370 534 1493 575 titulo

25 628 77 668 ab
103 625 323 668 Eustathio
352 622 402 662 ad
433 621 581 674 odyss.
612 613 650 658 ε’
681 617 780 658 249.

134 701 481 749 POLYZELUS‚
512 698 565 738 de
586 698 702 738 cuius
718 696 949 738 fabularum
979 695 1146 750 ingenio
1178 698 1221 734 et
1249 695 1495 747 argumento

20 782 190 823 uberius
227 793 273 821 se
303 781 508 820 dicturum
539 791 634 818 esse
662 777 818 818 frustra
847 777 1058 830 pollicitus
1094 779 1158 815 est
1188 775 1240 815 T.
1272 774 1495 814 Hemster-

18 861 164 903 husius
202 860 254 900 ad
289 860 451 900 Polluc.
491 858 531 898 11
569 870 612 910 p.
643 856 770 906 1244,
810 861 852 898 et
891 858 983 910 ipse
1021 855 1214 907 antiquae
1253 852 1496 894 comoediae

18 945 143 996 poeta
178 939 280 989 fuit,
317 943 365 980 ut
402 939 572 991 colligas
603 949 628 976 e
658 936 892 990 fragmento
922 935 1090 976 fabulae
1120 927 1496 988 Λημοτυνδάρεως

18 1020 129 1075 apud
158 1019 352 1060 Photium
384 1021 426 1058 et
454 1017 624 1058 Suidam
653 1029 688 1056 s.
717 1029 756 1057 v.
786 1013 919 1071 τριῶν
947 1012 1108 1055 κακῶν.

109 1095 254 1152 Τριῶν
279 1094 426 1136 κακῶν
453 1093 561 1148 γοῦν
589 1084 645 1145 ἦν
673 1089 830 1135 ἑ).έσι9·’
863 1090 983 1151 αὐτῷ
1012 1107 1056 1134 τι
1086 1088 1190 1134 πᾶσ’
1229 1086 1413 1145 ἀνάγκη,

102 1171 134 1227 ἢ
163 1172 294 1228 ξύλον
322 1174 517 1230 ἐφέλκειν
545 1168 575 1225 ἢ
605 1174 721 1214 πιεῖν
744 1169 924 1214 κώνειον
951 1167 981 1223 ἢ
1010 1167 1237 1229 προδόντα

104 1254 187 1307 τὴν
214 1253 326 1296 ναῦν
353 1247 470 1303 ὅπως
498 1248 684 1307 τάχιστα
714 1251 803 1293 τῶν
830 1252 976 1294 κακῶν
1005 1250 1336 1306 ἀπαλλαγῆναι.

29 1342 34 1345 ’
103 1332 235 1378 ταῦτ’
267 1334 363 1376 ἐστὶ
389 1330 491 1389 τρία
526 1331 824 1387 Θηραμένους,
857 1326 890 1372 c‘c‘
917 1346 990 1375 σοι
1018 1327 1228 1390 ‹pm-aut?
1266 1325 1377 1371 ἐστι’.

7 1419 71 1460 2111
115 1417 260 1459 eadem
300 1415 441 1456 fabula
478 1414 733 1467 Hyperboli‚
778 1428 901 1468 quem
946 1419 1156 1456 mortuum
1202 1426 1298 1454 esse
1340 1412 1500 1452 constat

21 1499 189 1552 olymp.
219 1496 337 1536 Xcu
368 1495 409 1544 1,
439 1495 702 1547 peregrinam
734 1495 939 1548 originem
967 1497 1208 1542 notaverat,
1237 1495 1349 1532 teste
1368 1490 1499 1532 Scho-

21 1578 140 1619 liasta
169 1576 342 1617 Luciani
370 1575 480 1616 Tim.
510 1575 578 1615 30.
646 1574 841 1615 Eundem
871 1578 1009 1614 tamen
1042 1574 1166 1614 etiam
1196 1572 1362 1613 mediae
1390 1574 1502 1610 aeta-

21 1661 108 1697 -tem
136 1655 378 1697 comoediae
406 1654 592 1707 attigisse
621 1654 763 1695 nescio
801 1668 854 1694 an
891 1654 1126 1694 fabularum
1167 1653 1279 1692 tituli
1310 1652 1502 1698 doceant,

21 1745 78 1777 ἐι
108 1735 255 1787 quibus
286 1734 434 1774 Suidas
474 1747 508 1774 s.
538 1747 577 1773 v.
606 1727 865 1782 Πολύζηλος
901 1733 1031 1774 hosce
1061 1736 1382 1773 commemorat:
1421 1724 1505 1769 Νί-

24 1827 154 1869 πτρα,
185 1808 556 1866 Δημοτυνῦάρεως
589 1814 675 1864 ⁴³),
707 1806 925 1853 Διονύσου
943 1808 1098 1865 γοναί,
1130 1809 1332 1852 ,Μουσῶν
1359 1804 1504 1863 γοναί,

24 1888 298 1948 Ἀφροδίτης
336 1886 478 1944 γοναί.
547 1892 707 1944 Quibus
737 1887 910 1947 ''Apewg
940 1888 1070 1946 γοναί
1100 1892 1310 1932 adduntur
1336 1891 1386 1930 ab
1417 1890 1506 1930 Eu-

25 1973 146 2015 docia
173 1986 216 2026 p.
245 1972 343 2014 359.
410 1973 565 2012 Omnes
605 1973 716 2013 enim
755 1973 919 2013 fabulas
950 1974 1099 2026 quibus
1131 1985 1152 2011 a
1185 1971 1360 2010 deorum
1390 1974 1505 2010 nata-

25 2054 135 2094 libus
166 2052 332 2092 nomina
359 2055 456 2092 sunt
482 2051 687 2104 imposita,
719 2053 755 2092 si
784 2054 906 2094 unius
937 2053 1160 2105 Hermippi
1186 2046 1401 2099 Ἀθηνᾶς
1429 2062 1509 2101 yo-

26 2127 110 2178 νὰς
138 2131 336 2182 excipias,
367 2143 390 2168 a
423 2130 584 2169 mediae
616 2132 856 2171 comoediae
886 2134 1126 2171 auctoribus
1158 2145 1251 2171 esse
1282 2131 1414 2170 editas
1444 2130 1508 2169 in·

32 2210 100 2250 fra
127 2209 281 2248 docere
309 2209 502 2248 conabor.
572 2209 695 2260 Quod
725 2210 995 2251 casaubonus
1032 2212 1084 2250 ad
1114 2211 1271 2251 Athen.
1302 2210 1361 2249 lx
1391 2208 1514 2248 3701·

0 2317 1 2324 η
34 2287 176 2329 scribit
213 2286 289 2327 «iu
318 2288 487 2328 Stobaei
515 2288 767 2340 marginibus
797 2294 943 2330 notare
973 2290 1141 2329 memini
1173 2283 1343 2342 τΕρμοῦ
1378 2283 1511 2340 γονὰς

0 2389 2 2419 5
37 2361 355 2415 «Πολυζήλουε
391 2367 509 2408 cuius
542 2367 737 2408 dramatis
768 2364 954 2410 meniinit
983 2369 1140 2423 aliquot
1168 2370 1272 2411 locis
1298 2369 1375 2410 Iul.
1407 2368 1506 2410 Pol·

1165 2528 1187 2550 Ο

98 2569 171 2618 ⁴³)
208 2567 409 2612 Kusterus
447 2568 599 2625 ᾺΙῖμος
645 2567 900 2625 Τυνδάρεως
939 2575 1128 2625 coniicit,
1177 2575 1377 2628 deceptus
1416 2574 1509 2612 loco

0 2684 2 2691 Ι
153 2624 404 2690 Pollucis'X
432 2629 501 2681 76,
531 2630 600 2671 ubi
638 2643 748 2672 nunc
777 2635 893 2674 recte
931 2645 956 2674 e
992 2632 1106 2674 libris
1138 2632 1297 2674 editum
1328 2635 1392 2672 est
1421 2628 1510 2677 Δη-

0 2703 7 2726 .
34 2692 65 2712 ·1
153 2681 446 2739 μοτυνδαρεῳ.
