1702 3190
203 167 286 207 233ss
542 204 545 207 .
809 179 1017 214 erma-110.

209 279 268 317 tio
300 288 404 316 anno
436 277 598 330 Olymp.
628 277 758 318 XCVI
798 279 1065 318 Macedoniae
1101 277 1317 330 imperium
1354 279 1638 329 .0btinuit‚'de

208 359 392 404 tempore
419 354 582 394 fabulae
611 355 720 395 nulla
751 368 841 394 esse
870 360 1008 407 posset
1038 355 1247 394 dubitatio.
1290 355 1372 394 Sed
1401 358 1522 396 huius
1552 359 1638 409 qui-

209 432 300 469 dem
333 431 555 474 Pausaniae
592 433 671 471 vita
707 433 747 471 in
787 434 958 472 obscuro
999 433 1159 471 delituit
1194 445 1270 472 nec
1311 423 1639 485 quidquamme-

210 515 366 548 moratu
397 510 561 561 dignum
591 510 751 557 habuit3
779 510 915 560 itaque
945 511 1162 550 videndum
1192 524 1243 550 ne
1274 511 1492 551 Pausanias
1520 512 1640 552 intel-

210 587 396 638 ligendus
427 587 478 625 sit
507 587 782 634 Ceramensis‚
812 587 1037 639 Agathonis
1067 592 1213 640 poetae
1243 593 1396 627 amator
1425 590 1641 628 celeberri-
1668 590 1671 593 ’

213 676 319 711 mus,
369 664 419 703 de
459 677 538 714 quo
577 664 735 703 abunde
772 669 928 704 constat
972 679 1021 704 ex
1061 666 1241 705 Platonis
1286 671 1327 705 et
1363 667 1643 719 Xenophontis

211 741 446 791 Symposiis.
516 741 603 780 Cfr.
643 741 806 793 Protag.
845 755 886 793 p.
923 741 1058 782 31511.
1122 743 1308 782 Eundem
1346 746 1645 797 tragoediarum

212 823 420 856 auctorem
461 818 677 869 perhibent
706 819 932 858 Scholiasta
961 820 1142 859 Platonis
1180 834 1218 872 p.
1249 822 1331 861 373
1369 827 1410 861 et
1439 823 1648 862 Gramma-

213 895 317 933 ticus
346 895 422 933 MS
459 894 567 945 apud
597 896 833 934 Gramen-um
863 896 1017 936 Ancod.
1049 897 1105 936 lV
1135 911 1172 948 p.
1202 899 1297 937 269.
1363 900 1506 950 Neque
1547 901 1648 939 alius

213 971 339 1010 fuisse
368 971 528 1010 videtur
554 985 673 1022 quem
702 972 742 1010 in
773 973 904 1023 poetis
942 973 1086 1023 quibus
1116 975 1315 1015 Stobaeus
1352 987 1448 1015 usus
1489 980 1550 1014 est
1578 989 1652 1015 nu-

214 1052 343 1086 merat
382 1048 553 1086 Photius
590 1049 694 1087 Bibl.
727 1049 807 1088 167
847 1063 886 1100 p.
917 1050 1012 1090 375.
1078 1052 1139 1091 Ab
1179 1052 1258 1091 hoc
1295 1053 1419 1103 igitur
1455 1053 1652 1092 Pausania

214 1126 248 1164 si
278 1125 441 1163 fabulae
469 1137 617 1164 nomen
647 1126 819 1164 inditum
849 1139 939 1165 esse
969 1127 1176 1178 ponimus,
1216 1129 1336 1168 etiam
1366 1130 1469 1169 alter
1496 1131 1652 1170 drama·
1696 1179 1698 1181 v

216 1202 267 1240 tis
306 1203 448 1241 titulus
490 1197 741 1248 Μακεδόνες
778 1203 989 1242 commode
1027 1204 1216 1255 explicari
1255 1210 1412 1257 potest,
1454 1208 1652 1259 siquidem

219 1278 457 1318 Pausaniam
488 1280 607 1318 simul
638 1293 727 1319 cum
758 1280 972 1331 Agathone
1002 1281 1108 1332 apud
1123 1282 1366 1322 Archelaum
1388 1285 1653 1325 Macedoniae

218 1367 357 1406 regem
401 1361 688 1396 commoratum
731 1370 822 1396 esse
858 1359 1014 1396 constat
1049 1370 1098 1397 ex
1139 1360 1295 1399 Aeliani
1334 1360 1381 1402 V.
1422 1362 1474 1401 H.
1513 1363 1551 1402 11
1587 1364 1654 1404 21.

221 1432 302 1471 Iam
342 1446 464 1483 quum
494 1435 654 1484 Agatho
692 1435 852 1472 circiter
890 1435 1050 1486 Olymp.
1079 1435 1267 1476 Xculvl
1310 1439 1525 1478 eomitante
1550 1441 1656 1480 Pau·

220 1510 329 1548 sania
358 1511 408 1549 ad
438 1510 682 1549 Archelaum
722 1525 766 1550 se
806 1511 1042 1559 contulerit,
1080 1512 1160 1552 vid.
1191 1514 1260 1553 Fr.
1290 1515 1505 1555 Ritschelii
1535 1519 1656 1556 Com-

224 1592 346 1627 ment.
378 1588 428 1627 de
457 1589 672 1639 Agathone
708 1601 794 1640 cap.
826 1589 903 1630 v11
939 1602 978 1640 p.
1009 1590 1076 1637 20,
1113 1589 1209 1628 hinc
1245 1604 1324 1630 non
1361 1594 1530 1632 multum
1572 1596 1659 1646 qui-

225 1663 340 1712 dem,
370 1668 411 1703 at
440 1665 591 1716 aliquid
620 1670 754 1706 tamen
784 1665 835 1705 ad
863 1670 1024 1718 tempus
1052 1666 1215 1707 fabulae
1245 1670 1569 1712 constituendum
1587 1672 1671 1712 'lu·.

225 1753 396 1780 cramur.
1286 1736 1288 1738 ¹
1484 1785 1494 1789 ,

337 1819 381 1858 ln
419 1819 626 1868 Medea,
662 1819 775 1860 cuius
804 1819 882 1858 tria
910 1825 1128 1872 supersunt
1162 1822 1410 1874 fragmenta,
1447 1824 1543 1865 lusit
1577 1826 1688 1866 for--

169 1930 171 1932 .
227 1899 333 1934 tasse
363 1898 570 1948 Euripidis
599 1898 752 1937 aliusve
782 1898 923 1949 tragici
953 1899 1232 1950 cognominem
1262 1900 1453 1941 fabulam.
1509 1898 1694 1944 Creon-5

228 1973 277 2010 tis
323 1974 364 2011 in
410 1986 458 2013 ea
497 1979 633 2027 partes
677 1975 806 2015 fuisse
851 1975 970 2015 docet
1012 1976 1128 2016 locus
1170 1979 1277 2029 apud
1313 1979 1569 2021 Athenaeum
1605 1983 1663 2023 Xl

229 2063 268 2101 p.
298 2050 379 2089 467
397 2063 420 2090 e

311 2122 351 2165 α’
409 2117 541 2167 οἶσθ’
567 2118 600 2183 ᾧ
627 2126 885 2181 προσέοικεν,
913 2118 947 2167 ὦ
978 2127 1142 2182 Κρέων,
1169 2125 1219 2168 τὸ
1249 2128 1415 2183 βρέγμα
1441 2143 1540 2184 σονς

312 2200 353 2256 β
408 2194 568 2260 ἐγῷδα·
600 2201 703 2260 δίνῳ
734 2205 830 2260 περὶ
858 2201 971 2245 κάτω
1000 2205 1286 2261 τετραμμένῳ.

233 2283 346 2332 Quae
381 2282 534 2322 habent
568 2297 666 2323 sane
703 2285 882 2324 colorem
918 2285 1166 2336 parodicum.
1239 2287 1353 2337 Quae
1396 2286 1505 2327 idem
1540 2289 1666 2329 Athe-

232 2372 356 2399 naeus
386 2360 461 2402 XV
490 2374 531 2413 p.
562 2362 680 2400 6901·
705 2375 754 2401 ex
782 2362 859 2401 hac
887 2361 1025 2401 fabula
1052 2363 1246 2402 servavit:

717 2438 789 2477 καὶ
819 2434 907 2488 λέγ’
940 2431 1007 2477 ὅτι
1034 2435 1173 2492 μύρον
1201 2436 1312 2496 αὐτῇ
1340 2439 1481 2494 (Ῑὲρεις

316 2512 524 2560 τοιοῦτον,
557 2506 652 2554 οἷον
679 2514 731 2555 οὐ
760 2499 990 2566 Me‘yastao'g
1020 2512 1189 2555 πώποτε
1217 2542 1274 2549 —-

234 2589 409 2629 Medeae
439 2594 562 2632 verba
592 2595 780 2636 videntur
807 2594 945 2647 fatalia
980 2595 1050 2633 illa
1080 2607 1248 2634 munera
1276 2595 1454 2635 Creusae
1481 2609 1557 2648 per
1583 2608 1667 2636 ser-

236 2680 326 2706 vum
357 2669 566 2710 mittentis.
624 2671 709 2710 Csr.
740 2673 881 2723 Eurip.
914 2672 1025 2711 Med.
1056 2671 1151 2710 950.
