1702 3190
221 151 307 193 502
473 161 526 191 »Β
556 163 702 193 rom-is
730 163 966 198 comicorum
997 164 1162 194 numano
1192 166 1429 196 nimirums.

337 260 556 301 Ordiamur
584 261 633 300 ab
663 261 869 301 Aristia
899 261 1094 309 Phliasia,
1127 261 1312 302 Pratinae
1341 265 1574 305 nobilissimi
1600 277 1662 308 ει..

221 342 406 391 tyrorum
433 339 642 391 scriptoris
671 339 772 378 filio.
803 339 862 377 De
878 338 958 376 hoc
975 338 1265 378 Valckenarius
1279 342 1409 392 Epist.
1430 341 1480 380 ad
1506 342 1660 385 Roeve-

221 427 312 455 rum
342 429 381 466 p.
399 415 496 455 XXI
526 416 630 455 haec
659 417 821 455 scribit:
853 416 1078 455 «Aristium
1097 417 1305 455 Comicum
1322 417 1450 457 fuisse
1478 423 1567 459 ante
1583 422 1657 463 Fa-

224 494 431 534 «bricium
451 496 683 532 ostenderat
697 494 775 533 Th.
792 493 1031 540 Ganzak-erus,
1064 494 1110 532 A.
1133 494 1188 531 Μ.
1208 494 1252 533 Ρ.
1271 506 1358 546 cap.
1371 494 1404 535 V
1434 497 1562 546 p.452
1578 499 1656 540 1).»

222 572 443 611 Enimvero
483 574 528 609 ut
563 572 804 622 superstites
846 571 1074 610 fabularum
1113 570 1251 608 titulos
1293 573 1340 610 ab
1378 574 1562 623 antiquae
1595 588 1659 616 00-

223 649 410 688 moediae
438 649 577 687 indole
606 649 701 687 satis
732 648 886 687 alienos
917 647 1112 696 omittam,
1143 649 1388 688 contrarium
1419 650 1538 690 docet
1564 651 1664 694 Pau-

223 727 355 766 sanias
383 727 453 765 lib.
486 726 524 764 11
556 726 622 773 13,
652 727 721 777 qui
751 738 843 764 cum
872 726 942 765 Ari
955 727 1064 764 tiam
1095 739 1117 764 a
1150 725 1415 776 satyricarum
1446 727 1666 772 fabularum

222 805 471 857 praestantia
491 803 546 840 ita
562 804 833 851 commendet,
857 804 926 842 uni
944 809 986 842 ut
1003 804 1151 842 cedere
1167 815 1259 842 eum
1278 804 1383 842 dicat
1400 805 1601 871 Aeschylo
1610 808 1667 866 3),

225 893 306 933 quo
335 881 426 920 iure
455 880 620 919 comicis
649 880 782 931 poetis
812 885 1091 928 accenseatur,
1121 880 1240 919 facile
1269 882 1526 932 perspicitur.
1565 878 1669 925 Ean-

225 959 319 998 dem
349 959 401 998 ob
432 970 592 997 causam
622 960 869 997 comicorum
910 958 1033 997 indici
1065 958 1266 998 eximendi
1296 963 1388 997 sunt
1425 960 1679 1005 Achaeus

226 1036 479 1077 Pratinas
510 1042 552 1075 et
583 1036 749 1088 Pytho
781 1036 1040 1083 Catanensis‚
1073 1047 1242 1086 quorum
1274 1049 1395 1087 quem
1422 1038 1554 1088 primo
1582 1018 1671 1079 loeo

224 1114 444 1162 nominavi,
460 1114 639 1153 Harlesii
657 1114 819 1153 demum
838 1114 1045 1154 festinatio
1075 1114 1116 1152 in
1135 1113 1398 1153 Fabricianos
1421 1114 1575 1155 indices
1591 1117 1685 1193 ret,

223 1192 330 1232 tulit.
389 1192 617 1243 Satyricum
659 1191 838 1230 colorem
875 1191 1093 1231 manifesto
1123 1191 1345 1231 ostendunt
1374 1203 1478 1243 quae
1507 1205 1556 1231 ex
1584 1189 1672 1232 Ari-

224 1270 328 1310 stiae
344 1270 414 1321 Cy
429 1269 551 1320 clop
566 1281 588 1306 e
614 1268 821 1320 Orpheo
839 1274 880 1308 et
898 1267 1155 1323 Κηρσὶν)
1170 1269 1549 1309 attuleruntSuidas
1565 1270 1641 1311 vol.
1654 1251 1685 1312 1⁰

223 1358 267 1399 p.
297 1348 379 1386 303
413 1348 467 1385 in.
498 1346 549 1383 de
579 1346 694 1384 cuius
724 1347 815 1386 loco
847 1348 1063 1398 disputavit
1095 1348 1141 1388 V.
1174 1348 1222 1386 D.
1260 1347 1366 1398 apud
1400 1324 1689 1391 Her-mannum*

225 1423 279 1463 ad
294 1424 502 1464 Aristotel.
519 1425 567 1464 A.
590 1423 706 1462 Poet.
736 1436 776 1474 p.
810 1424 903 1472 101,
934 1424 1079 1463 Pollux
1110 1425 1167 1463 lX
1196 1425 1251 1463 40
1281 1429 1322 1463 et
1351 1424 1586 1464 Athenaeus
1600 1393 1689 1468 ΧΫ,

226 1515 269 1554 p.
301 1502 435 1541 686a.
491 1501 776 1542 Atalantae
804 1513 908 1540 unus
939 1502 1047 1552 quod
1086 1502 1208 1540 sciam
1239 1502 1474 1541 memoriam
1505 1495 1690 1544 servavi?

226 1578 377 1618 Pollux
417 1578 495 1619 VII
535 1578 603 1626 31,
642 1578 757 1617 cuius
793 1579 917 1618 verba
957 1591 1006 1618 ex
1043 1579 1198 1629 optimo
1237 1580 1327 1618 cod.
1365 1580 1587 1620 Falckenb.
1622 1558 1690 1623 ita

228 1656 486 1696 restituenda
524 1659 638 1695 sunt:
677 1650 919 1707 ἁρπεδόνας
955 1652 1000 1694 δὲ
1029 1651 1084 1694 τὰ
1121 1668 1295 1708 νηαατα
1331 1645 1450 1695 εἶπεν
1481 1629 1690 1712 Ἠρόδο-ὲ

228 1746 315 1784 τος,
343 1728 576 1786 Ἀριστιας
607 1729 650 1770 δὲ
681 1729 726 1770 ἐν
750 1726 1006 1788 ’.Αταὶάντη
1037 1728 1282 1785 ἁοπεδόνην
1311 1746 1354 1772 τε
1382 1728 1507 1773 λύσιν
1522 1711 1690 1817 (Κιὼιιζ

228 1808 397 1862 λῦσον)
438 1807 582 1860 ἱστοῦ,
622 1806 946 1865 τοαὶικιύτερον.
1012 1812 1146 1863 Vulgo
1185 1812 1320 1852 editur
1349 1807 1532 1866 Κριτιας
1561 1810 1606 1851 δὲ
1634 1794 1687 1852 ἐν

227 1883 495 1944 Ἀταλάντῃ,
525 1888 633 1928 unde
662 1887 815 1928 factum
847 1893 909 1928 est
938 1894 982 1929 ut
1000 1890 1217 1929 Atalanten
1248 1890 1401 1929 Critiae
1429 1889 1579 1930 fabulis
1609 1858 1691 1932 adj

227 1968 495 2008 numerarint.
553 1967 600 2005 ln
629 1970 741 2005 tanta
770 1967 894 2018 igitur
923 1968 1250 2007 testimoniorum
1278 1968 1392 2016 luce,
1423 1968 1569 2019 quibus
1598 1948 1690 2050 tra?¹

228 2046 366 2098 gicum
406 2048 569 2096 poetam
606 2043 735 2083 fuisse
765 2045 956 2084 Aristiam
997 2046 1199 2094 eflicitur,
1237 2045 1334 2096 quid
1371 2057 1516 2085 causae
1552 2045 1683 2087 fuis-o..

229 2124 436 2171 dicamus,
463 2126 510 2161 ut
537 2122 646 2160 idem
675 2122 724 2161 ab
755 2122 844 2162 aliis
872 2122 1098 2163 haberetur
1126 2127 1249 2177 poeta
1290 2124 1499 2163 comicus?
1556 2103 1695 2164 Gatass'ff

291 2333 333 2382 ⁸)
368 2326 516 2370 Τούτω
544 2341 601 2369 τω
638 2322 847 2384 Ἀριστέα
887 2324 1080 2392 Σάτυροι
1114 2329 1187 2370 καὶ
1227 2328 1286 2385 τῷ
1312 2330 1445 2386 πατρὶ
1475 2326 1675 2388 Πρατίνα

343 2381 429 2425 εισὶ
475 2371 757 2433 πεποιημέιοι
813 2370 927 2434 πλὴν
975 2385 1061 2425 τῶν
1110 2370 1328 2439 ,Αισχὺλου
1385 2371 1669 2440 δοκιμώτατα..

342 2443 528 2482 Eandem
558 2441 719 2480 laudem
750 2443 904 2482 Achaei
934 2443 1088 2496 Satyris
1116 2444 1258 2484 tribuit
1275 2445 1545 2486 Menedemus
1573 2443 1675 2497 apud

343 2499 516 2550 Diogen.
547 2498 683 2536 Laert.
716 2497 754 2536 11
785 2498 880 2537 132.

289 2553 334 2603 ι)
365 2554 515 2593 Nescio
546 2553 642 2603 quid
672 2554 718 2592 G.
744 2554 952 2594 Friebelio
981 2555 1174 2595 acciderit
1202 2555 1411 2619 Satyrogr.
1439 2567 1480 2608 p.
1496 2555 1548 2595 61
1577 2552 1667 2596 scri-

342 2609 456 2649 benti
487 2609 685 2659 «Toupio
716 2610 974 2650 scribendum
1004 2612 1166 2651 videtur
1193 2608 1240 2649 ἐν
1266 2610 1356 2658 τοῖς
1385 2607 1577 2664 Κρησίν,
1611 2611 1665 2650 nt·-

340 2676 419 2716 quo
448 2663 631 2717 probavit
664 2663 702 2702 id
735 2665 979 2706 Meinekius.
993 2677 1017 2704 >v
