1702 3190
482 138 699 169 rimosas.
754 132 1011 179 rinocasox.
1119 163 1132 177 ⁸
1418 114 1504 158 52⁹1

0 277 4 302 ,
38 248 115 294 καὶ
139 242 292 293 ἄλλαις
321 236 505 298 πράξεσι
533 235 585 281 τὸ
614 232 751 285 θεὸς
778 229 918 280 θεὸς
944 228 1182 284 ἐπελέγετο.
1223 225 1272 270 ἐν
1301 225 1349 269 δὲ
1378 223 1507 284 ἑτέρῳ

0 341 5 380 1
40 322 246 386 ῥητορικῷ
286 321 435 379 λεξικῷ
473 318 651 377 φέρεται
685 314 762 358 καὶ
800 305 870 354 ὅτι
906 307 1073 359 παντὸς
1110 307 1240 366 ἔργου
1269 303 1508 364 ἀρχόμενοι

0 437 3 452 =‚
41 405 184 461 ἔλεγον
211 400 343 451 θεὸς
375 395 519 448 θεός.
554 399 696 451 Itaque
724 394 822 437 boni
850 392 999 434 ominis
1030 404 1154 431 causa
1176 391 1282 431 haec
1310 392 1437 431 verba
1465 390 1508 430 in

0 488 130 542 gipso
159 483 350 526 carminis
379 480 496 521 initio
523 468 1006 531 posucrat.A1)to‹5a⁷2
1035 465 1196 525 ἀρετὴν
1224 470 1366 511 dicere
1395 471 1510 518 vide-

0 573 7 629 j
39 571 109 608 tur
135 564 300 605 laudem
331 573 451 613 quam
481 557 572 610 quis
602 556 686 596 suis
717 555 896 596 confisus
923 552 1081 593 viribus
1112 550 1316 602 anquirit,
1346 550 1510 590 divinae

0 636 6 681 ³»
42 645 134 699 opis
163 644 220 684 nil
249 640 452 692 indigens.
515 635 732 677 Adiectivo
761 627 989 682 αὐτοδαής
1017 631 1159 685 paullo
1190 629 1355 670 diverso
1385 643 1511 671 sensu

1 727 8 782 l
42 735 144 766 usus
172 726 235 762 est
262 715 491 772 Sophocles
519 715 583 757 Λί.
613 714 712 754 700.

1 826 9 850 ;
154 800 286 840 Porro
335 792 606 836 Telestem
654 792 856 834 comicum
910 789 1155 833 manifestus
1195 788 1349 830 Suidae
1394 801 1514 830 error

0 851 9 941 ᾗ
40 878 229 935 peperit,
267 874 378 928 quod
414 873 541 914 verbo
578 873 789 914 monuisse
826 871 1020 912 sufficiat.
1087 867 1235 911 Paullo
1284 868 1513 922 speciosius

0 945 10 1014 ’ξ
42 956 597 1000 idemTimocreontem
628 952 869 993 comoediae
887 953 1022 1006 poetis
1040 949 1266 991 accensuit.
1299 948 1416 990 Idem
1431 949 1514 989 alio

44 1037 138 1079 loco
165 1037 210 1077 in
237 1047 276 1076 v.
307 1026 484 1073 σκόλιον
511 1036 739 1086 praeeunte
769 1031 1001 1072 Scholiasta
1029 1030 1240 1085 Aristoph.
1268 1029 1376 1070 Ran.
1401 1029 1514 1070 1337

3 1088 11 1172 t}
47 1129 143 1158 eum
171 1106 380 1154 ἐποποιόν
408 1113 602 1166 appellat,
632 1126 709 1165 pro
740 1125 821 1165 quo
851 1111 946 1152 vide
974 1124 1026 1151 an
1056 1109 1323 1151 scribendum
1353 1110 1406 1149 sit
1433 1121 1517 1162 με-

4 1202 8 1250 ξ
45 1188 238 1244 λοποιός,
265 1196 312 1233 ut
340 1196 510 1232 vocatur
539 1191 650 1245 apud
679 1191 892 1232 Plutarch.
923 1191 1129 1232 Themist.
1158 1189 1273 1239 XXI,
1311 1202 1392 1242 quo
1421 1189 1516 1229 loco

4 1268 8 1324 ἱ
45 1275 183 1330 ipsum
211 1271 315 1314 illud
346 1284 510 1312 carmen
541 1275 750 1312 servatum
781 1276 865 1321 est,
903 1269 1015 1324 qnod
1044 1270 1328 1310 Timocreonti
1368 1269 1518 1310 comici

0 1331 9 1378 -ἓ
45 1359 195 1408 poetae
231 1364 381 1392 nomen
428 1351 675 1392 conciliavit.
741 1350 911 1391 Scilicet
947 1350 1146 1390 latissime
1182 1352 1297 1401 patet
1335 1360 1437 1389 usus
1474 1353 1518 1390 et

3 1374 14 1482 l
45 1431 289 1487 significatio
319 1430 540 1470 verborum
569 1424 777 1484 κωμῳδία
806 1434 850 1469 et
877 1425 1112 1484 κωμῳδεῖν,
1144 1440 1249 1480 quae
1279 1429 1432 1481 passim
1463 1428 1519 1468 de

6 1483 15 1559 i
48 1511 192 1564 quovis
219 1509 387 1550 ludibrii
414 1521 569 1561 genere
597 1513 862 1561 usurpantur.
900 1510 968 1560 18)
1042 1507 1191 1547 Strabo
1220 1507 1324 1549 VIII
1361 1521 1404 1560 p.
1433 1508 1519 1548 308

7 1565 15 1654 ἑ
49 1589 311 1631 Eretrienses
339 1593 510 1641 propter
537 1587 800 1640 frequentem
831 1588 1001 1628 caninae
1039 1587 1205 1627 litterae
1234 1597 1356 1628 usum
1384 1600 1520 1627 κεκω-

8 1657 15 1726 ξ
48 1665 291 1724 μῳδῆσθαι
321 1668 463 1709 dicens
501 1669 568 1721 ιο)
598 1680 681 1708 non
712 1679 884 1708 necesse
914 1671 978 1707 est
1003 1672 1050 1707 ut
1080 1666 1131 1706 ad
1163 1666 1343 1707 comicos
1372 1671 1519 1721 poetas

8 1739 16 1819 f
48 1748 281 1802 respexisse
324 1748 537 1798 credatur,
584 1747 927 1800 quemadmodum
971 1746 1162 1799 Pflugkio
1203 1750 1346 1787 nostro
1384 1747 1520 1788 visum

9 1823 16 1895 ᾗ
51 1831 116 1868 est
149 1828 192 1868 in
228 1827 349 1868 docta
385 1828 556 1868 Dissert.
606 1826 660 1866 de
705 1827 831 1867 rebus
868 1827 1068 1868 Euboicis
1107 1840 1148 1880 p.
1180 1826 1249 1867 17.
1312 1826 1519 1881 Ambigua

9 1899 18 1964 l„
48 1907 245 1950 Aelianus
280 1908 333 1949 V.
368 1907 425 1948 H.
461 1905 501 1947 X
529 1906 577 1946 ὃς
611 1903 923 1962 ἐκωμῳδοῦντο
959 1899 1021 1955 «εἰς
1056 1901 1305 1956 λεπτότητα
1338 1902 1521 1944 Σαννυ-

0 1966 17 2051 ᾗ
48 1982 156 2042 ρι’ων
183 2011 239 2018 --
267 1985 344 2026 καὶ
376 1982 574 2035 Φιλητᾶς
601 1982 788 2035 ποιητὴς
816 1984 1137 2040 πενταμέτρων.
1166 1987 1230 2026 De
1259 1985 1522 2038 Sannyrione

10 2065 19 2112 ἰ
51 2066 302 2107 comicorum
331 2066 492 2107 facetiis
521 2066 643 2106 illuso
672 2078 741 2107 res
770 2070 870 2107 nota
900 2072 983 2117 est,
1012 2079 1095 2106 non
1125 2065 1226 2105 item
1258 2064 1311 2104 de
1340 2064 1520 2105 Phileta-

12 2137 19 2203 ²¹
53 2144 142 2187 eft.
169 2148 309 2184 tamen
338 2145 573 2185 Stratonem
604 2144 758 2185 Athen.
791 2145 851 2185 IX
889 2159 930 2198 p.
961 2146 1045 2185 383
1059 2145 1101 2185 b.
1166 2146 1283 2197 Quae
1311 2144 1521 2196 Diogenes

13 2218 20 2283 ’ξ
54 2223 194 2264 Laert.
233 2222 292 2264 IX
339 2223 422 2263 110
467 2222 634 2263 Timoni
674 2223 859 2263 Phliasio
911 2224 1055 2264 tribuit
1099 2216 1307 2276 δράματα
1351 2217 1523 2275 κωμικὰ

13 2303 20 2359 1,
54 2297 309 2357 τριάκοντα,
345 2301 526 2343 carmina
555 2301 686 2343 fuisse
714 2302 908 2343 videntur
937 2298 1161 2343 σκωπτικὰ
1196 2302 1522 2355 colloquentium

118 2471 188 2522 ¹⁸)
216 2470 414 2511 Similiter
449 2465 675 2525 τραγῳδία
709 2475 754 2512 et
788 2471 1027 2530 τραγῳδεῖν
1063 2474 1280 2528 permultis
1317 2474 1420 2514 locis
1460 2474 1521 2513 la-

167 2527 273 2567 tiore
308 2541 431 2568 seusu
466 2528 735 2580 intelligenda
774 2535 881 2571 sunt.
946 2532 1041 2573 vid.
1080 2531 1279 2572 Lobeckii
1315 2530 1522 2584 Aglaoph.

168 2596 208 2635 p.
238 2585 334 2625 977.
392 2585 480 2626 crr.
510 2598 635 2637 supra
662 2599 703 2638 p.
719 2586 818 2627 523.

16 2639 23 2691 ᾖ
118 2641 190 2690 ¹⁹)
216 2640 282 2680 lta
310 2643 432 2682 etiam
450 2643 642 2682 Eustath.
674 2643 727 2684 ad
751 2643 1025 2696 111ad.p.492
1056 2642 1127 2686 15.
1155 2642 1245 2685 efr.
1261 2642 1520 2685 Boeckhium

119 2736 123 2741 ,
166 2697 292 2750 Corp.
323 2697 450 2738 inser.
480 2699 497 2737 I
526 2712 567 2753 p.
597 2700 668 2739 28.
