1702 3190
694 155 858 187 nune.
1424 136 1514 183 879

40 261 237 305 ontIonIs
280 256 609 302 conformatione
653 270 854 299 summam
893 254 1051 309 ubique
1104 254 1351 311 elegantiam
1396 261 1513 297 emm·

41 353 235 393 mumque
275 339 452 380 nitorem
490 337 789 391 deprehendas.
855 335 977 389 Quod
1017 337 1126 376 enim
1173 337 1217 375 in
1256 334 1514 388 singularum

41 433 189 462 vocum
217 431 296 460 usu
326 423 369 459 et
397 418 532 458 forma
561 417 672 457 haud
703 429 796 456 raro
835 428 859 455 a
889 418 1077 455 veterum
1107 414 1338 455 Atticorum
1368 418 1515 455 norme

41 499 224 548 descivit,
257 512 339 539 non
355 498 538 539 Alexidis
567 498 607 536 id
638 496 779 535 vitium
809 494 903 543 fuit,
936 493 1010 533 sed
1041 493 1186 532 aetatis
1216 493 1259 533 in
1289 493 1356 532 his
1388 493 1513 534 etiam

39 579 167 619 rebus
197 578 247 618 ad
279 578 486 618 deteriora
514 575 782 629 prolabentis.
840 574 905 613 Ex
931 571 1015 612 hoc
1042 585 1211 625 genere,
1239 576 1288 612 ut
1316 572 1413 612 trita
1440 573 1514 614 ina

40 651 142 697 οὐδὲ
178 647 239 703 εἷς
267 670 343 710 pro
373 650 535 705 οὐδείς,
574 648 750 708 ὀμνύων
779 665 855 706 pro
887 645 1023 703 ὀμνὺς
1060 651 1269 700 omittam,
1314 655 1377 690 est
1405 665 1444 691 v.
1475 664 1513 693 c.

0 723 4 800 J
40 736 214 776 not-istus
241 724 344 773 εἶπα
374 735 483 787 apud
504 732 730 774 Athen.VI
761 744 802 784 p.
834 731 918 770 230
934 731 974 780 b,
1004 724 1223 784 καμμύειν
1252 730 1361 783 apud
1379 730 1514 784 Phry-

0 802 204 884 }nichum
253 813 344 855 Ecl.
387 826 428 866 p.
466 812 564 861 339,
612 807 962 864 ἀπολογηθῆναι
1007 823 1083 864 pro
1129 803 1516 861 ἀπολογήσασθαι

0 885 6 967 f
37 893 147 946 apud
177 893 385 933 Antiattic.
416 906 457 946 p.
487 893 543 932 82
561 892 603 941 5,
633 887 863 941 τηλικοῦτο
895 890 1006 943 apud
1035 890 1189 931 Athen.
1211 889 1271 930 XI
1301 903 1342 943 p.
1372 889 1457 930 502
1474 903 1513 941 c,

0 969 5 1031 J
37 965 349 1021 ut’zoffwvtdrng
396 972 506 1025 apud
544 972 699 1025 Plu-yn.
736 970 829 1013 Ecl.
869 983 911 1023 p.
949 970 1047 1019 377,
1093 970 1254 1010 Pollue.
1293 969 1336 1010 X·
1373 969 1427 1008 21
1469 972 1514 1010 et

38 1051 190 1093 Thom.
228 1051 344 1104 Mag.
380 1065 420 1105 p.
451 1050 548 1100 645,
585 1045 903 1104 παλαιστρικὸς
941 1049 993 1089 de
1033 1062 1114 1102 quo
1154 1049 1237 1090 vid.
1277 1048 1513 1089 Lobeckius

0 1122 3 1168 ἶ
39 1131 93 1172 ad
124 1130 280 1184 Phryn.
308 1144 351 1184 p.
380 1131 478 1180 242,
509 1123 726 1183 ἰσχυρικὸς
755 1130 840 1181 (ita
870 1129 966 1182 lege
996 1142 1072 1182 pro
1104 1121 1379 1181 ἶσχυρίσκος)
1409 1121 1514 1167 ἀντὶ

0 1224 3 1245 :
36 1206 118 1249 τοῦ
153 1202 329 1263 ἰσχυρὸς
367 1210 477 1263 apud
517 1210 710 1250 Photium
747 1210 847 1250 Lex.
884 1223 925 1263 p.
964 1208 1048 1249 117
1086 1209 1142 1248 10
1194 1209 1261 1250 cll.
1300 1209 1512 1250 Antiattic.

34 1301 78 1342 p.
108 1289 192 1329 100
221 1289 289 1338 13,
326 1284 510 1342 ψυχικὸς
538 1302 614 1341 pro
646 1282 938 1343 ἆνδρόθυμος
976 1292 1018 1328 et
1048 1283 1227 1341 νομικὸς
1254 1301 1331 1341 pro
1362 1282 1514 1341 νόμων

0 1398 2 1405 ,
34 1361 289 1419 ἐπιστήμων
325 1367 434 1420 apud
474 1368 652 1407 eundem
691 1368 815 1409 Phot.
854 1381 895 1421 p.
927 1367 1010 1407 656
1040 1366 1109 1408 25.
1146 1367 1230 1407 302
1259 1368 1300 1417 2,
1345 1361 1514 1421 §impia

39 1447 95 1488 de
136 1447 282 1500 pulcra
325 1446 434 1486 facie
463 1447 572 1499 apud
606 1448 817 1488 Antiattic.
850 1460 892 1500 p.
923 1447 978 1486 93
1008 1447 1049 1497 1,
1085 1440 1363 1501 Ἀττικηρῶς
1400 1447 1513 1500 apud

36 1526 192 1569 Athen.
222 1525 281 1568 IV
309 1538 354 1579 p.
383 1525 466 1565 137
482 1538 518 1575 c,
547 1519 834 1579 ἀνθρακηρὸς
863 1527 971 1579 apud
1001 1527 1162 1567 Polluc.
1191 1526 1231 1567 X
1262 1527 1331 1575 11,
1369 1524 1515 1580 σχέσις

36 1618 115 1659 pro
160 1601 244 1655 ἕξις
290 1604 400 1657 apud
441 1605 703 1646 Athenaeum
744 1606 802 1647 IX
839 1620 882 1659 p.
911 1606 994 1646 383
1009 1606 1048 1656 d,
1092 1601 1359 1661 βαρυφωνία
1401 1606 1514 1660 apud

0 1719 1 1722 ,
37 1683 199 1724 Polluc.
230 1683 270 1724 11
300 1684 399 1734 112,
438 1679 800 1740 διαπράττεσθαι
829 1680 930 1738 βίον
966 1699 1042 1739 pro
1074 1680 1245 1738 διάγειν
1274 1682 1376 1738 βίον
1403 1686 1515 1740 apud

38 1763 264 1804 stobaeum
302 1764 416 1804 Flor.
448 1764 624 1807 LXVIII
661 1766 702 1815 2,
757 1760 1129 1820 διαπαρθενεύειν
1173 1779 1250 1818 pro
1292 1763 1515 1820 διακορεῖν

36 1841 147 1895 apud
176 1843 337 1883 Polluc.
369 1843 429 1883 III
459 1844 528 1893 42,
569 1857 815 1898 quamquam
850 1846 895 1886 id
924 1847 1090 1899 quidem
1122 1845 1277 1886 Dioclis
1320 1846 1512 1900 exemplo

0 1936 1 1960 1
35 1923 146 1964 tueri
182 1923 301 1973 Iicet3
347 1917 569 1972 ὃιπλάζειν
606 1925 740 1966 activo
780 1939 905 1967 sensu
942 1940 1019 1980 pro
1058 1918 1364 1974 διπλασιάζειν
1400 1926 1513 1979 apud

35 2002 248 2044 Antiattic.
277 2015 318 2056 Ρ.
351 2004 407 2043 89
438 2005 478 2054 6,
517 1997 763 2043 ἆκολαστίεε
793 2006 904 2059 apud
935 2007 1160 2046 Grammat.
1189 2005 1320 2045 Bekk.
1350 2004 1512 2047 Anecd.

37 2093 80 2133 p.
108 2080 191 2120 367
231 2081 287 2121 24
328 2086 370 2122 et
413 2083 674 2124 Athenaeum
721 2085 803 2126 XII
848 2099 889 2137 p.
920 2084 1101 2134 544e.f‚
1146 2078 1390 2123 Σκύθαινα
1430 2097 1510 2137 pro

39 2156 215 2205 Zaevffig
252 2159 362 2211 apud
398 2159 593 2201 Photium
623 2163 725 2203 Lex.
762 2176 803 2215 p.
834 2163 918 2203 525
956 2165 1023 2214 11,
1067 2157 1275 2203 Λάκαινα
1305 2176 1383 2216 pro
1412 2161 1511 2203 Aa·

40 2231 197 2286 κωνικὴ
237 2236 347 2289 apud
382 2238 592 2280 Antiattic.
628 2253 671 2292 Ρ.
701 2240 784 2280 106
819 2241 890 2291 23,
929 2236 1149 2294 ἐπιλήσμη
1191 2242 1301 2294 apud
1338 2243 1511 2286 Suidam

41 2314 124 2363 vol.
151 2313 171 2354 I
209 2328 250 2368 Ρ.
280 2317 378 2367 819,
422 2313 640 2367 ποικιλεύς
681 2332 759 2372 pro
796 2316 1023 2370 ποικιλτής
1059 2320 1168 2374 apud
1206 2320 1368 2363 Polluc.
1405 2323 1509 2365 VIII

42 2391 112 2442 35,
147 2390 409 2446 μονθυλεύω
445 2411 521 2452 pro
561 2392 792 2438 ὀνθυλεύω
833 2401 942 2454 apud
972 2400 1233 2441 Athenaeum
1264 2401 1304 2441 11
1333 2415 1376 2455 p.
1404 2402 1511 2453 491⁸,

41 2466 293 2527 ὑπόμακρος
327 2489 403 2528 pro
442 2471 668 2531 ὑπομήκης
704 2480 814 2531 apud
853 2481 1064 2521 Antiattic.
1105 2494 1147 2533 p.
1177 2480 1262 2521 115
1292 2481 1363 2531 14,
1398 2479 1510 2533 βαλ-

42 2547 197 2604 λισμὸς
222 2553 274 2592 de
302 2556 632 2597 commissatione
662 2558 772 2610 apud
801 2559 955 2600 Athen.
985 2561 1086 2602 VIII
1115 2573 1157 2613 p.
1184 2561 1266 2602 362
1284 2575 1319 2611 c,
1348 2573 1510 2601 κακου-
1579 2578 1588 2585 ·

37 2626 117 2684 xia
155 2643 232 2684 pro
260 2629 435 2684 καχεξία
471 2637 579 2689 apud
608 2638 819 2679 Antiattic.
846 2652 888 2692 p.
920 2639 1002 2679 104
1031 2641 1101 2691 24,
1141 2635 1275 2692 λαγὸς
1314 2653 1390 2694 pro
1430 2637 1509 2678 λα-

41 2706 125 2762 γώς
154 2710 263 2764 apud
293 2712 548 2756 Athenaeum
577 2717 677 2759 XIV
705 2731 744 2771 p.
777 2717 908 2769 65413
938 2716 1274 2774 ξυλολυχνοῦχος
1304 2719 1406 2761 ibid.
1430 2720 1508 2764 XV
