1702 3190
151 2247 154 2253 .
228 2217 324 2254 sunt
351 2226 448 2252 sane
478 2228 569 2254 meo
599 2215 749 2254 iudicio
778 2215 1008 2265 verissima,
1037 2229 1119 2256 nou
1150 2217 1324 2256 dubitari
1351 2229 1475 2267 posse
1502 2215 1683 2264 videtur,

219 180 273 219 18
399 190 451 218 DE
480 187 731 220 AUCTORIBU!
761 185 981 214 msa-onum
1008 186 1253 215 comconuu.
1312 185 1490 215 summo.

219 289 311 328 libri
341 287 537 327 habemus
567 287 675 326 hunc
704 281 730 335 ἡ
760 279 924 337 κωμικὴ
959 282 1068 333 λέξις
1097 279 1123 332 ἡ
1153 279 1405 337 πάμμικτος.
1437 283 1510 324 sed
1539 282 1590 322 ad
1605 295 1688 323 vs.»

221 365 329 405 1614
359 365 505 403 citatur
534 361 580 402 ἐν
607 362 665 418 τῷ
692 360 860 416 κωμικῷ
888 359 1053 415 λεξικῷ,
1092 376 1165 414 pro
1195 377 1274 414 quo
1303 366 1408 402 teste
1439 361 1665 401 Invernizio
1691 407 1692 410 Ἴ

219 441 358 481 Praef.
395 442 602 493 Aristoph.
641 455 681 493 p.
710 441 866 482 XXVII
902 440 1086 481 Vaticani
1130 440 1290 478 codices
1334 440 1487 478 habent
1534 435 1579 476 ἐν
1615 435 1668 492 τῇ

219 516 384 574 κωμικῇ
415 517 537 568 λέξει.
595 520 729 570 Atque
757 519 813 557 ita
843 518 963 556 etiam
994 516 1220 555 Scholiasta
1248 516 1528 566 Aristophanis
1557 516 1666 554 Plut.

220 596 317 644 313,
347 596 417 635 ubi
447 596 782 636 IIemsterhusins
812 595 1092 642 Palamedem,
1123 595 1174 633 de
1212 606 1292 647 quo
1323 595 1442 633 modo
1484 593 1667 638 diximus,

221 672 316 712 libri
347 679 554 712 auctorem
582 673 711 712 fuisse
740 673 981 724 suspicatur.
1039 672 1121 711 Sed
1148 671 1252 710 haec
1279 672 1397 711 valde
1426 671 1581 709 incerta
1608 672 1671 708 est

223 750 476 797 coniectura3
515 750 666 788 certius
703 755 764 788 est
802 748 928 787 multa
957 762 1006 788 ex
1035 761 1234 800 anonymo
1263 749 1334 787 illo
1365 762 1490 800 opere
1518 749 1560 787 in
1590 748 1670 786 Le·
1694 759 1696 763 ’

222 827 311 865 xica
349 839 422 864 sua
459 827 727 871 transtulisses
753 826 1006 877 Hesychium
1052 829 1094 866 et
1129 826 1334 874 Photium,
1372 826 1424 865 de
1461 839 1540 877 quo
1578 811 1687 863 ante·

222 902 526 942 Blomfieldium
558 903 678 943 Cens.
708 904 846 943 Photii
877 905 1100 943 Hermann.
1130 917 1170 955 p.
1199 903 1280 943 741
1312 903 1408 954 Lps.
1438 904 1563 942 verbo
1602 901 1672 941 ad-

223 980 382 1019 monuit
411 980 682 1020 Ruhnkenius
712 982 876 1020 Auctar.
906 981 1090 1033 Ilesych.
1121 982 1171 1020 ad
1201 981 1238 1019 11
1268 994 1308 1032 p.
1338 981 1433 1020 390.

337 1057 414 1095 His
444 1057 679 1106 praemissis
715 1058 796 1097 iam
832 1057 1072 1097 accedamus
1111 1059 1161 1096 ad
1195 1058 1238 1095 id
1267 1057 1377 1108 quod
1403 1056 1520 1095 nobis
1549 1067 1670 1105 agen-

224 1132 322 1171 dum
351 1133 654 1183 proposuimus,
685 1138 726 1172 et
756 1134 824 1185 qui
853 1134 1057 1189 antiquam
1086 1134 1337 1174 comoediam
1372 1133 1675 1174 illustraverunt

223 1213 367 1261 poetas
401 1208 597 1261 deinceps
625 1223 925 1251 recenseamus.
1687 1264 1692 1270 ,

337 1286 619 1336 Antiquissimi
654 1287 780 1339 igitur
809 1288 878 1339 qni
897 1288 1051 1327 Cratini
1080 1290 1254 1326 aetatem
1294 1291 1487 1340 superant
1528 1275 1691 1339 poetaef*

226 1364 377 1403 comici*
401 1363 510 1414 apud
539 1364 696 1403 Atticos
727 1368 1097 1404 commemorantur
1125 1366 1310 1414 Susario,
1339 1366 1508 1414 metes,
1537 1319 1698 1429 Eum-l

227 1442 357 1489 uides,
375 1441 543 1492 Myssus,
573 1441 808 1490 Chionides,
839 1444 1025 1494 Magnes,
1044 1443 1335 1499 Ecphantides,
1365 1443 1537 1482 fortasse
1555 1432 1697 1492 etiam}

226 1519 426 1570 Tolynus.
470 1518 516 1557 In
531 1518 597 1557 his
613 1530 734 1570 quem
754 1520 887 1571 primo
903 1520 993 1559 loco
1009 1522 1126 1573 posui
1143 1520 1378 1560 SUSARIO
1404 1521 1676 1572 Megarensis‚

226 1596 379 1635 Philini
408 1592 539 1644 filius,
580 1597 752 1647 patriam
781 1597 924 1636 habuit
954 1598 1264 1650 Tripodiscum,
1293 1597 1527 1649 Megaricae
1556 1597 1694 1636 ditio-¹

225 1675 289 1713 nis
318 1674 467 1721 vicum,
496 1672 606 1711 unde
634 1673 706 1712 ille
733 1674 774 1714 in
805 1676 979 1714 Atticam
1009 1676 1219 1728 profectus
1249 1674 1357 1726 apud
1386 1674 1550 1722 Icarios,
1578 1674 1678 1713 Dio-

225 1752 484 1803 nysiacorum
503 1763 710 1789 sacrorum
740 1753 851 1790 cultu
875 1754 1120 1801 nobilitatos,
1149 1767 1185 1792 v.
1204 1752 1439 1792 Athenaeus
1461 1752 1499 1790 ΙΙ
1522 1764 1563 1803 p.
1580 1751 1635 1790 40
1652 1751 1677 1790 b

225 1832 270 1867 et
292 1827 520 1867 Scholiasta
550 1827 664 1866 Iliad.
690 1822 728 1879 χ’
751 1830 817 1877 29,
847 1830 999 1880 primus
1029 1831 1207 1869 omnium
1224 1830 1418 1868 xersibus
1447 1829 1679 1868 comoedias

226 1905 417 1945 docuisse
462 1904 654 1943 creditur.
709 1906 759 1945 V.
804 1906 1031 1946 Scholiasta
1079 1907 1261 1958 Dionysii
1305 1906 1454 1946 Thrac.
1509 1919 1550 1958 p.
1580 1906 1685 1955 74&

227 1982 403 2022 Tzetzes
434 1982 541 2034 apud
572 1983 809 2022 Cramerum
839 1984 992 2023 Anecd.
1024 1984 1103 2023 vol.
1134 1984 1194 2023 111
1223 1998 1263 2036 p.
1281 1984 1375 2033 336,
1405 1984 1542 2024 Schol.
1569 1961 1682 2022 Her}

227 2059 412 2111 mogenis
449 2060 558 2114 apud
593 2060 804 2099 Reiskium
843 2061 954 2100 Orat.
1006 2060 1150 2100 Graec.
1197 2062 1276 2101 vol.
1305 2043 1404 2103 VlII
1446 2075 1486 2113 p.
1517 2060 1598 2100 959
1637 2071 1676 2099 e

227 2136 441 2177 Bentleius
472 2137 635 2177 Phalar.
666 2138 731 2178 ed.
762 2137 873 2190 Lips.
912 2152 951 2190 p.
982 2139 1078 2179 262.
1143 2142 1256 2190 Quae
1294 2140 1329 2178 si
1358 2151 1452 2177 vera
1479 2140 1596 2185 sunt,
1632 2147 1678 2176 u

230 2291 326 2340 quin
375 2291 507 2343 prima
544 2293 705 2331 Atticae
749 2294 984 2334 comoediae
1029 2295 1168 2346 paullo
1203 2294 1460 2333 artificiosius
1496 2291 1684 2331 exculta

228 2366 344 2407 initia
372 2369 722 2421 aMegarensibus
751 2371 832 2410 sint
859 2371 1097 2423 repetenda.
1155 2372 1283 2424 quue
1310 2372 1421 2423 ipsos
1442 2370 1562 2408 etiam
1585 2367 1657 2407 Me
1671 2357 1687 2374 '¹

229 2456 424 2496 garenses
468 2447 546 2486 sibi
593 2447 866 2499 persuasisse,
906 2452 1073 2501 praeter
1107 2450 1321 2502 Aspasium
1359 2448 1410 2487 ad
1445 2444 1657 2486 Aristoteli

230 2522 327 2562 Eth.
356 2523 515 2564 Nicom.
546 2525 616 2574 1V,
646 2526 673 2564 2
710 2524 831 2564 docet
865 2527 1139 2566 nobilissimus
1177 2526 1292 2565 locus
1327 2522 1560 2565 Arist'otelis
1588 2523 1646 2564 Ar
1659 2508 1679 2548 ·s‘

175 2608 178 2611 ·
230 2601 341 2654 poet.
372 2600 445 2650 111,
476 2601 516 2640 5.
575 2602 806 2642 Utebantur
834 2608 971 2643 autem
999 2603 1279 2655 Megarenses,
1308 2601 1531 2644 Aristotele
1558 2603 1669 2662 tests

231 2675 389 2739 duobus
417 2678 673 2729 potissimum
700 2682 971 2732 argumentiS,
1009 2681 1155 2734 quihus
1184 2680 1262 2722 sibi
1291 2680 1526 2722 comoediae
1552 2679 1632 2725 ori
1659 2661 1671 2744 J
