1702 3190
232 172 315 211 ³44
861 179 1026 207 Atianos.

234 280 388 334 gratiae
418 275 722 318 commendasse
749 281 958 326 narratur,
999 279 1135 326 recte,
1171 280 1218 318 ut
1250 278 1431 329 videtur,
1468 280 1518 321 ad
1555 282 1674 335 primi

235 357 384 396 actoris
412 360 569 408 partes,
610 367 708 406 quas
733 355 775 395 in
805 355 876 394 illa
905 354 1046 394 fabula
1074 355 1235 396 Araroti
1265 355 1576 398 demandaverat
1603 374 1675 413 pa-

234 436 311 481 ter,
335 434 454 472 traxit
484 433 695 472 Clintonus
724 433 756 470 F
760 435 834 471 ast.
866 432 1030 472 Hellen.
1068 445 1108 483 p.
1140 432 1235 471 101.
1302 434 1540 475 Ceterorum
1578 439 1676 478 scri-

235 514 397 563 ptorum
443 510 532 548 loca
578 522 680 560 quae
727 509 778 547 ad
811 490 1005 548 Cocalum
1042 513 1083 548 et
1112 510 1422 550 Aeolosieonem
1459 515 1676 567 pertinent,

236 586 447 638 adscripsit
484 587 717 625 Dindorfius
747 587 909 636 Fragm.
941 587 1064 626 Arist.
1102 601 1141 638 p.
1172 589 1240 626 80.
1270 589 1338 627 87.
1395 589 1456 628 De
1490 591 1541 630 iis
1577 605 1677 643 quo-

235 676 326 703 rum
366 665 454 715 ipse
494 669 636 703 auctor
682 662 760 701 suit
788 663 938 703 Araros
976 665 1166 704 dramatis
1196 677 1276 704 non
1306 665 1522 707 admodum
1550 668 1681 710 hono-

234 741 351 780 rifice
389 742 564 781 sensisse
599 745 762 781 veteres
791 739 911 780 docet
939 740 1120 782 Alexidis
1157 742 1272 781 locus
1304 743 1410 795 apud
1440 745 1590 787 Athen.
1621 745 1682 788 111

234 830 278 870 p.
309 817 451 856 123e:

895 892 970 934 καὶ
998 890 1080 948 γὰρ
1104 887 1320 946 βούλομαι

403 961 564 1017 ὕδατός
592 982 640 1011 σε
669 967 840 1022 γεῦσαν
871 968 1052 1026 πρᾶγμα
1082 965 1134 1010 δ’
1153 965 1246 1009 ἔστι
1274 983 1350 1023 μοι
1377 968 1490 1024 μέγα

402 1045 589 1101 φρέατος
619 1043 745 1086 ἔνδον
775 1044 1042 1103 ψυχρότέρον
1066 1041 1325 1100 Ἀραρότος.

235 1124 318 1165 Sed
357 1125 661 1164 meminerimus
697 1125 778 1164 hoc
817 1126 967 1165 aemuli
1003 1129 1151 1178 poetae
1188 1137 1279 1165 esse
1315 1125 1531 1177 iudicium
1571 1133 1683 1172 certe

233 1214 317 1241 non
347 1202 449 1241 adeo
480 1202 718 1253 despectum
748 1203 936 1252 iacuisse,
964 1208 1011 1243 ut
1040 1216 1063 1242 a
1092 1204 1366 1255 grammaticis
1390 1204 1682 1259 negligeretur,

233 1278 477 1330 intelligitur
506 1292 529 1318 e
559 1279 728 1318 Polluce
743 1280 821 1321 Vll
852 1281 918 1328 65,
950 1282 1020 1320 ubi
1047 1281 1090 1319 in
1117 1280 1300 1321 Ararotis
1329 1294 1448 1321 versu
1477 1295 1552 1335 pro
1585 1297 1684 1339 κρο·

234 1351 399 1400 σωτούς
427 1356 528 1395 alios
559 1353 796 1408 κροκωτοὺς
826 1358 1036 1409 scripsisse
1062 1359 1280 1397 memoriae
1311 1359 1447 1398 tradit.
1506 1363 1539 1401 F
1543 1363 1702 1406 abulae

234 1433 323 1472 eius
353 1433 498 1472 Suidas
529 1438 823 1472 commemorat
852 1436 996 1474 hasce:
1027 1429 1229 1484 Καινεύς,
1260 1433 1547 1489 Καμπυλίων,
1577 1440 1686 1480 Πα-

232 1506 308 1556 νὸς
345 1504 484 1561 γοναί,
527 1503 772 1561 Ἴ’μένιιιος,
803 1506 1010 1560 ”Λὺ”ωνις,
1051 1507 1371 1565 ,Παρθενίδιοκ
1439 1515 1501 1555 Ex
1539 1520 1684 1568 quibus

231 1581 626 1639 Παρθενίδιον
671 1601 753 1627 non
802 1593 1163 1638 commemoratur,
1213 1590 1321 1640 quod
1359 1590 1504 1642 sciam,
1547 1596 1626 1636 nisi
1660 1609 1687 1639 a

232 1664 373 1704 Suida.
443 1665 548 1703 Livii
577 1665 798 1705 Andronici
830 1666 1096 1717 Virginem
1135 1667 1332 1706 habemus
1371 1669 1478 1719 apud
1515 1664 1691 1717 Festumss

232 1754 266 1782 ε.
297 1755 335 1781 v.
373 1741 566 1783 nobilem.
645 1743 729 1782 Sed
771 1743 966 1782 incertam
1013 1742 1112 1782 facit
1148 1744 1368 1784 lectionem
1405 1748 1489 1786 tum
1526 1746 1686 1794 formae

228 1815 527 1874 παρθενιδιον
556 1821 771 1860 insolentia
800 1822 886 1859 tum
916 1820 1111 1860 librorum
1142 1823 1363 1863 fluctuatio.
1433 1823 1480 1864 In
1510 1826 1546 1869 V
1576 1822 1690 1873 enimi

233 1951 317 1992 hoc
348 1965 498 1992 nomen
530 1953 721 2005 scriptum
754 1956 815 1992 est
829 1949 1125 2007 Παρθενίκαι,
1154 1954 1196 1994 in
1224 1955 1259 1994 E
1290 1897 1479 2009 παρῗι),
1507 1959 1550 1998 in
1571 1950 1691 2016 Med-2⁵

242 2025 575 2083 παρθενιδικόν.
1676 2081 1685 2092 ‚.

342 2107 601 2147 Adonidis
640 2106 869 2159 fragmenta
907 2111 1126 2159 supersunt
1163 2109 1271 2161 apud
1299 2110 1507 2152 Antiattic.
1539 2127 1580 2165 p.
1610 2110 1690 2177 813}

233 2183 446 2223 104.113
485 2189 527 2224 et
556 2184 705 2226 Athen.
731 2186 790 2224 111
818 2198 858 2238 p.
890 2185 943 2224 95
962 2199 998 2236 e,
1038 2187 1108 2226 ubi
1147 2188 1215 2239 qui
1245 2187 1416 2227 affertur
1444 2202 1493 2230 ex
1520 2191 1596 2232 liac
1622 2191 1690 2248 ἕως

230 2261 329 2302 bula
357 2275 513 2311 versus,

447 2335 492 2378 Ο
522 2353 607 2391 20:11
637 2335 745 2385 θεὸς
773 2334 824 2378 τὸ
853 2336 1010 2394 ῥύρχος
1038 2353 1096 2388 εις
1124 2336 1239 2394 ἡμᾶς
1266 2341 1454 2397 στρέφει,

228 2417 282 2456 de
314 2419 454 2458 Marte
483 2417 773 2469 intelligendus
802 2418 964 2458 videtur
989 2419 1031 2458 in
1060 2431 1202 2470 aprum
1231 2425 1401 2461 mutato.
1469 2422 1515 2461 In
1545 2419 1594 2460 K
1600 2432 1702 2467 αιε·

226 2494 313 2533 ’νεῖ
346 2496 636 2536 nobilissimam
674 2496 861 2535 tractavit
901 2496 1081 2536 fabulam
1119 2498 1171 2537 de
1210 2499 1390 2538 Caenide
1431 2512 1454 2538 a
1493 2499 1702 2551 Neptunoi

229 2583 469 2625 compressa
487 2578 528 2613 et
543 2578 688 2625 postea
711 2574 753 2612 in
773 2574 905 2613 virum
930 2575 1229 2615 transformata.
1269 2578 1359 2628 Quo
1377 2579 1561 2629 spectant
1574 2573 1702 2616 haud«

230 2649 355 2690 dubie
385 2651 510 2691 verba
541 2665 589 2691 ex
619 2655 758 2691 nostro
781 2651 961 2693 dramate
981 2656 1138 2693 servata
1164 2654 1272 2706 apud
1291 2654 1503 2695 Pollucem
1522 2652 1599 2695 VH
1625 2649 1702 2690 65:
