1702 3190
233 134 289 175 86
837 146 1108 177 remeamus.

230 256 350 297 quam
379 243 456 284 hac
492 243 534 282 in
563 242 702 285 fabula
731 244 973 285 recitaverat
1002 245 1298 297 Pherecrates,
1335 248 1446 289 haud
1482 262 1677 303 spernen-

230 321 326 360 dum
354 320 626 372 fragmentum
655 326 860 362 servatum
890 336 981 363 esse
1010 323 1118 376 apud
1138 325 1394 366 Athenaeum
1406 327 1464 367 Xl
1492 340 1534 380 p.
1553 327 1679 368 485d

231 400 276 438 et
303 398 470 437 Suidam
499 410 532 437 s.
563 412 599 439 v.
639 396 806 445 Φίλιος.

339 473 480 527 Λῆροι
527 480 568 515 et
606 470 1032 529 Μυρμηκάνθρωποι
1063 477 1155 528 ³⁸),
1208 479 1250 520 in
1295 494 1374 532 qua
1421 481 1678 522 Deucalionis

230 556 367 605 partes
407 553 599 604 quasdam
639 554 770 594 fuisse
809 554 931 593 docet
959 555 1195 596 Athenaeus
1223 558 1323 598 VIII
1351 570 1392 609 p.
1422 559 1503 598 335
1521 572 1556 608 a,
1585 573 1679 611 pas-

230 630 305 670 sim
335 630 551 669 laudantur
580 630 629 669 ab
659 631 834 683 antiquis
864 632 1149 684 scriptoribus,
1189 635 1262 674 sed
1298 640 1343 674 ut
1372 636 1424 675 ad
1452 640 1679 690 argumenti

228 709 428 746 rationem
458 708 557 746 nihil
586 709 882 759 propemodum
913 722 937 749 e
965 710 1205 765 fragmentis
1234 712 1385 753 elicias.
1430 715 1575 766 Neque
1603 715 1680 754 alia

226 786 477 836 reliquarum
506 784 737 826 fabularum
767 789 829 826 est
856 787 960 827 ratio
989 784 1190 838 Πετάλης
1224 791 1306 840 ³⁹),
1345 788 1611 845 Τυραννίδος
1639 794 1681 832 et

238 858 602 915 Ψευδηρακλέους,
632 875 731 914 quas
760 848 884 903 verbo
914 866 1100 917 tetigisse
1132 867 1322 907 sufficiat.

340 940 491 982 Iisdem
519 939 653 979 ferme
682 942 948 992 temporibus,
979 944 1124 994 quibus
1155 945 1344 984 Cratinus
1375 947 1417 984 et
1434 945 1577 985 Crates
1605 946 1682 985 flo-

227 1024 422 1068 ruerunt,
467 1019 565 1059 vixit
594 1017 942 1060 TELECLIDES
977 1020 1263 1072 Atheniensis,
1307 1024 1478 1062 acerbus
1509 1020 1683 1061 Periclis

229 1094 499 1143 adversarius,
533 1093 739 1133 Plutarch.
759 1095 910 1135 Pericl.
939 1095 967 1135 3
996 1100 1039 1135 et
1067 1098 1134 1144 16,
1164 1100 1234 1139 ubi
1263 1101 1331 1151 qui
1360 1100 1586 1139 afferuntur
1600 1099 1683 1139 Te-

230 1171 391 1211 leclidis
423 1173 654 1224 anapaesti,
684 1172 830 1223 quibus
859 1174 1134 1227 Athenienses
1164 1176 1314 1216 Pericli
1342 1178 1558 1217 tradidisse
1586 1177 1684 1217 dicit

288 1244 457 1289 πόλεων
495 1262 539 1289 τε
581 1245 745 1302 φόρους
785 1244 921 1297 αὐτάς
960 1261 1006 1289 τε
1043 1247 1188 1300 πόλεις
1230 1250 1307 1302 τὰς
1352 1255 1432 1306 μὲν
1473 1252 1563 1294 δεῖν
1607 1250 1686 1300 τὰς

955 1324 1226 1381 δ’ἆναλύειν,

289 1397 418 1444 λάϊνα
446 1398 562 1456 τείχη
594 1399 648 1441 τὰ
675 1402 757 1455 μὲν
783 1397 1040 1459 οἰκοδομεῖν,
1069 1401 1168 1446 τότε
1196 1402 1367 1458 δἀὐτά
1396 1402 1526 1449 πάλιν
1552 1420 1687 1449 κατα-

965 1480 1154 1537 βάλλειν,

294 1553 510 1609 σπονδοὶς,
540 1552 751 1610 δύναμιν,
780 1554 959 1612 κράτος,
988 1557 1183 1616 εἰρήνην,
1212 1557 1400 1603 πλοῦτόν
1425 1556 1688 1615 τέὐδαψο-

960 1634 1062 1678 νίαν
1085 1651 1160 1690 τες,Π

239 1714 354 1754 brevi
389 1718 484 1767 post
528 1714 741 1766 expulsum
778 1714 1066 1768 Thucydidem
1102 1717 1293 1759 Milesiae
1331 1718 1469 1758 »filium
1514 1716 1688 1769 scriptos

238 1792 437 1845 suspicor,
474 1791 517 1832 h.
556 1805 593 1832 e.
629 1794 723 1843 post
752 1792 913 1846 Olymp.
944 1794 1158 1835 LXXXIII
1186 1795 1227 1835 4.
1297 1798 1485 1838 Eundem
1520 1798 1690 1849 propter

274 1966 344 2019 ⁸⁸)
384 1967 522 2007 Semel
566 1963 835 2019 Φερεκράτης
873 1965 1292 2022 Μυομηκανθριᾶπω
1330 1970 1554 2011 Scholiasta
1596 1973 1688 2012 Ari-

357 2023 492 2088 stoph.
523 2025 648 2074 Vesp.
681 2024 775 2062 672.
835 2024 918 2063 Sed
946 2030 1060 2063 recte
1090 2026 1192 2066 Ven.
1223 2021 1687 2084 ,Μυρμηκανθρώποιᾳ

355 2080 402 2124 In
429 2080 517 2129 ipsa
534 2086 680 2139 poetae
703 2090 853 2131 χρησει
881 2081 1098 2130 legendum
1127 2092 1455 2132 καταμησονται
1473 2095 1547 2134 pro
1577 2084 1688 2123 edito

352 2145 763 2185 κατακοιμησονται.
822 2136 882 2174 Ex
900 2137 1083 2186 parabasi
1113 2136 1274 2176 fabulae
1303 2139 1475 2193 petitum
1504 2138 1690 2191 suspicor

355 2202 518 2229 versum
549 2203 570 2228 a
602 2190 770 2228 Polluce
795 2189 833 2228 X
863 2192 913 2229 91
947 2195 1150 2231 servatum

408 2239 520 2282 ἀλλὰ
546 2239 627 2283 κάν
655 2256 870 2284 κοιταισιν
894 2243 1068 2298 ἐμαῖσιν
1095 2241 1295 2287 dauza&
1327 2241 1360 2285 δι’
1383 2244 1596 2300 μέλλομεν

408 2294 669 2361 ἀριστήσειν.

280 2358 350 2407 ³⁹)
381 2352 527 2393 Hel-cc)
533 2370 557 2404 η
589 2355 815 2395 meretricis
846 2368 995 2396 nomen
1020 2355 1113 2407 fuit,
1143 2362 1501 2398 commemoratum
1530 2357 1579 2396 ab
1601 2356 1690 2396 He-

355 2412 526 2473 rodiano
564 2412 616 2450 de
653 2412 748 2450 dict.
788 2411 894 2450 solit
941 2424 980 2462 p.
1011 2413 1064 2451 39
1093 2415 1134 2454 3.
1199 2415 1453 2466 Hesychius,
1484 2409 1690 2454 Πέταλαε

353 2461 552 2517 ὀνόματα
581 2462 757 2513 θηλεια.
815 2467 1008 2507 Fortasse
1037 2470 1295 2509 scribendum
1319 2465 1520 2516 Πετάλῃ.
1549 2463 1694 2520 ὄνομα

356 2520 557 2620 Ιιζηλείῖεις..
624 2522 716 2564 Alia
755 2521 928 2562 nominis
966 2524 1149 2576 exempla
1186 2524 1279 2564 vide
1307 2525 1414 2576 apud
1442 2526 1690 2576 interpretes

402 2590 494 2632 esyc
526 2590 567 2618 u.
