1702 3190
667 160 856 192 turcus.
1350 156 1362 171 ·»
1413 141 1496 184 121

32 269 306 324 Cotyttiorum
335 274 546 307 sacrorum
577 262 874 317 turpitudinem
896 260 1159 300 imitarentur
1187 263 1244 308 et,
1273 256 1501 297 accedente

33 350 165 390 noctis
201 347 388 396 licentia,
426 345 530 386 nihil
570 342 764 383 facinoris
794 340 898 381 nihil
927 337 1074 391 flagitii
1103 336 1500 388 praetermitterent.

33 429 143 470 Ilinc
180 427 386 468 Lucianus
425 425 624 465 adversus
658 421 813 461 indoct.
842 433 884 472 Ρ.
907 419 990 458 122
1037 410 1227 468 ἀνέγνως
1264 413 1366 461 τοὺς
1403 408 1502 453 Βά-

35 520 169 558 πταςς
198 503 250 546 τὸ
279 503 428 560 δρᾶμα
458 494 582 553 ὅλως
611 491 690 540 εἶτ’
723 494 852 539 οὐδέν
881 509 963 536 σου
989 490 1116 535 κᾶκιιῖ
1135 490 1374 542 καθίκετο,
1406 487 1500 532 οὐδ’

37 581 321 640 ἠρυθρίασας
360 579 578 637 γνωρίσας
617 572 755 628 αὐτάς
815 578 920 618 Cum
955 575 1022 616 his
1062 577 1098 616 si
1126 574 1328 628 Hesychii
1363 575 1503 613 locum

38 665 319 714 coniunxeris,
364 663 407 703 in
442 673 523 714 quo
562 660 716 700 diserte
754 657 936 710 Eupolin
984 656 1079 696 odio
1123 669 1221 708 erga
1263 652 1504 693 Corinthios

36 746 270 797 permotum
297 743 463 794 Cotytto
494 739 613 779 deam
641 739 683 778 in
714 750 837 777 :cena
868 735 1103 776 exhibuisse
1131 738 1323 784 testatur,
1353 732 1435 772 vol.
1463 731 1504 771 11

35 834 78 876 Ρ.
107 822 188 861 331
227 815 435 860 Κοτυττιὸ
475 814 499 857 ὁ
536 818 618 871 μὲν
646 811 841 863 Εὔπολις
878 809 972 855 κατ’
1005 811 1141 867 ε”χθος
1178 810 1229 853 τὸ
1267 807 1374 867 πρὸς
1403 806 1506 857 τοὺς

36 896 316 954 Κορινθίους
345 892 558 954 ᾳορτικόν
595 907 698 935 τινα
734 890 930 949 δαίμονα
967 890 1227 933 διατίθεται
1259 894 1354 943 ⁶⁸),
1394 889 1508 931 haud

38 979 139 1021 levis
169 980 356 1019 oboritur
384 977 579 1031 suspicio,
609 975 808 1029 Eupolidi
836 978 1004 1028 praeter
1018 974 1242 1014 Alcibiadis
1271 971 1509 1011 irrisionem

39 1059 163 1100 etiam
202 1059 283 1099 hoc
319 1058 449 1098 fuisse
485 1056 766 1110 propositum,
809 1058 858 1095 ut
901 1054 1144 1107 flagitiosam
1182 1051 1509 1100 Corinthiorum,

0 1156 1 1159 ¹
40 1137 151 1190 apud
179 1149 283 1190 quos
312 1149 472 1177 summa
507 1134 589 1175 fuit
619 1135 895 1187 Cotyttiorum
936 1133 1207 1174 sanctimonia
1240 1131 1334 1182 ⁶⁹),
1371 1129 1510 1169 libidi-

0 1258 2 1278 z
41 1229 138 1257 nem
174 1219 355 1265 taxaret,
395 1219 530 1266 eo'que
567 1214 658 1266 ipso
689 1214 873 1266 Cotyttia
903 1226 1019 1252 sacra
1050 1213 1092 1252 in
1124 1215 1407 1263 contemptum
1438 1208 1511 1248 ad-

0 1304 1 1356 j
42 1293 235 1344 duceret,
273 1298 317 1334 et
347 1307 401 1335 ne
430 1293 604 1334 Athenis
633 1292 922 1344 reciperentur
952 1296 1132 1331 caveret.
1190 1290 1370 1331 Prorsus
1400 1288 1512 1327 enim

0 1371 1 1384 ¹
42 1374 245 1414 assentior
271 1374 536 1422 Buttmanno‚
565 1372 679 1412 nulla
709 1371 805 1411 dum
836 1371 1054 1424 Eupolidis
1085 1374 1220 1410 aetate
1249 1368 1431 1422 Cot-yttia
1461 1367 1513 1406 ab

5 2591 13 2603 0

0 2609 14 2660 *i

0 2641 9 2681 Ι,

0 2687 9 2699 ¹<

0 2701 14 2720 :t

45 1452 370 1496 Atheniensibus
411 1455 582 1505 recepta
625 1450 758 1492 fuisse
796 1450 1009 1491 statuenti.
1045 1449 1116 1501 70)
1188 1450 1318 1489 Deam
1367 1448 1515 1500 ipsam,

44 1543 127 1584 quo
158 1532 286 1585 magis
304 1531 581 1584 Cotyttiorum
618 1530 865 1583 religionem
902 1530 946 1571 in
976 1533 1258 1582 contemptum
1289 1527 1518 1567 adduceret

6 1630 7 1633 ¹
44 1614 190 1666 poeta,
229 1610 458 1650 meretricis
495 1609 640 1649 habitu
679 1610 722 1651 in
762 1621 927 1650 scenam
968 1608 1100 1649 fuisse
1129 1608 1362 1656 inductam,
1403 1604 1518 1645 haud

45 1690 189 1744 inepte
226 1702 252 1730 e
278 1689 537 1730 scholiastae
574 1689 627 1728 ad
665 1688 871 1729 Iuvenalis
907 1688 1046 1729 locum
1084 1687 1351 1728 adnotatione
1388 1685 1518 1725 conii-

49 1770 158 1811 cias:
193 1768 403 1811 inducit
438 1768 585 1809 viros
623 1769 837 1809 lassare
874 1767 1167 1822 psaltriam.
1229 1767 1348 1819 Quae
1377 1765 1520 1806 nescio

111 1942 185 1993 ο8)
216 1938 416 1979 Similiter
443 1937 525 1980 hoc
553 1940 681 1980 verbo
711 1952 811 1980 usus
842 1944 904 1980 est
934 1938 1012 1979 Dio
1043 1938 1258 1990 chrysost.
1291 1937 1362 1999 Or.
1383 1937 1523 1978 XXXI

51 2020 54 2034 ;
165 2009 213 2059 p.⁸
239 1996 320 2036 631
367 1988 623 2060 ’Aflvy'zcefot
651 1995 699 2037 ἐν
729 1994 790 2035 τῶ
817 1992 996 2059 {heimo
1025 1993 1225 2034 {jaewvrm
1252 2018 1309 2026 --
1338 1989 1407 2033 ὑπ)
1441 1990 1525 2032 az)-

163 2049 248 2101 τὴν
283 2048 366 2101 τὴν
403 2046 664 2106 ἀκρόπολιν,
709 2053 762 2093 οὑ
804 2050 884 2093 τὸν
919 2049 1136 2094 Διόνυσον
1165 2049 1239 2090 ἐπὶ
1274 2062 1357 2099 την
1394 2045 1526 2102 ὀρχη-

169 2121 309 2162 στραν
348 2090 624 2152 δια-τιθέασι.
691 2111 829 2151 Strato
858 2111 957 2151 XIV
995 2123 1037 2161 p.
1067 2109 1148 2150 951
1189 2109 1297 2148 Alm.
1337 2108 1390 2147 de
1428 2108 1527 2147 Ale-

167 2165 322 2208 xandro
352 2165 524 2217 Lychno
561 2163 616 2205 τὰ
653 2162 839 2221 οὐράνια
877 2163 1150 2206 διατίθεται.
1217 2165 1304 2204 Csr.
1335 2165 1528 2217 Wytten-

168 2221 342 2263 bachius
378 2221 431 2260 ad
468 2223 738 2264 Plutarchum
775 2237 817 2276 p.
855 2224 938 2264 379
953 2237 989 2263 a.
1028 2221 1282 2263 Lobeckium
1321 2219 1527 2274 Aglaoph.

168 2290 213 2331 Ρ.
242 2278 326 2317 332
362 2281 406 2318 et
441 2291 547 2331 quae
586 2281 745 2320 monuit
781 2281 843 2320 vir
870 2279 1149 2332 perelegantis
1185 2277 1340 2329 ingenii
1370 2277 1529 2316 multis-

173 2345 254 2386 que
282 2335 512 2375 nominihus
537 2338 606 2388 pia
634 2341 774 2376 mente
805 2336 906 2376 mihi
938 2335 1138 2376 colendus
1168 2334 1245 2373 Ad.
1262 2334 1389 2373 Gottl.
1414 2334 1530 2372 ·Lan-

173 2391 267 2442 gius
290 2390 454 2431 vindic.
482 2393 609 2444 Trag.
639 2394 761 2432 Rom.
798 2406 841 2444 p.
872 2391 943 2432 25.
1009 2392 1205 2431 Ceterum
1232 2390 1450 2442 Eupolidis
1479 2391 1531 2428 il-

173 2447 248 2487 lud
279 2459 378 2497 erga
407 2447 642 2488 Corinthios
674 2450 814 2488 odium
843 2461 925 2489 non
957 2448 1008 2487 de
1036 2448 1194 2499 privata
1224 2447 1358 2498 aliqua
1388 2447 1531 2487 simul-

176 2508 263 2543 tate
297 2502 614 2556 intelligendum
649 2518 765 2554 esse,
806 2506 874 2546 vix
912 2508 975 2544 cst
1004 2503 1115 2559 quod
1144 2503 1344 2544 historiae
1372 2504 1532 2558 peritos

180 2558 435 2600 admoneam.

129 2613 203 2666 ⁶⁸)
232 2616 320 2656 Cfr.
351 2617 546 2658 Loheckii
577 2616 781 2671 Aglaoph.
811 2630 853 2670 p.
884 2618 994 2657 1009
1025 2616 1068 2658 5

94 2669 104 2683 ⁸
132 2672 203 2724 ⁶¹⁰)
234 2672 322 2713 Cfr.
361 2673 583 2713 Lobeckl.
614 2676 642 2714 Ι.
684 2688 726 2729 Ρ.
758 2675 869 2716 1010
910 2675 936 2716 0
974 2680 1016 2715 et
1047 2670 1322 2716 Fritzschium
1364 2672 1535 2725 Quaest.

185 2727 393 2785 Aristoph.
425 2729 443 2769 1
471 2743 512 2783 p.
542 2731 639 2773 204.
