1702 3190
652 155 867 185 srmr’rxs.
1417 137 1500 177 229

195 253 387 315 σωτηρία
415 255 678 313 παρέκυψεν,
708 251 801 295 ἀλλ’
831 247 1047 308 ὡρᾴζεται

199 335 511 396 Θρασύβουλος
542 332 676 384 αὐτὸς
703 331 802 388 οἰχ),
832 327 1236 387 παρακαλοίψενος,

29 422 140 462 haud
187 433 355 473 prorsus
404 417 662 471 improbabili
706 416 941 455 coniectura
986 411 1193 451 Cincsiam
1237 409 1288 448 ad
1334 410 1499 460 Olymp.

31 502 162 542 XCVI
193 500 259 541 vel
289 499 443 539 XCVII
474 496 717 535 referemus.
783 495 929 543 Neque
971 490 1051 528 alio
1090 493 1279 540 tempore
1323 489 1502 539 scriptae

33 580 224 619 videntur
254 578 458 617 orationes
490 574 646 625 Lysiae.
678 571 798 623 Quod
828 583 951 622 supra
983 568 1064 607 dixi
1097 567 1301 606 Cinesiam
1333 567 1503 605 Meletis

34 649 170 697 fuisse‘
194 657 336 703 filium,
366 653 447 693 feci
473 651 653 691 Platonis
673 650 958 688 auctoritatem
977 651 1144 687 secutus
1161 646 1289 697 Gorg.
1305 659 1346 697 p.
1364 644 1445 683 501
1466 658 1501 683 e.

35 737 111 776 Cui
155 743 386 785 repugnare
438 729 602 768 videtur
654 727 772 768 Plato
817 728 999 767 comicus
1046 725 1155 778 apud
1199 725 1404 765 Galenum
1453 723 1504 763 ad

33 812 302 866 Aphorismos
332 809 527 860 hypomn.
558 807 638 849 VII
669 821 710 859 p.
742 808 847 847 322:
886 790 1006 860 μετὰ·
1025 803 1167 843 ταῦτα
1199 801 1245 843 δὲ
1275 798 1506 858 Εὐαγόρου

35 890 136 938 παῖς
163 887 208 929 ἐκ
237 883 509 941 πλευρίτιδος
526 881 746 935 Κινησίας
761 885 850 928 κτλ.
893 886 977 926 Sed
1003 885 1037 924 is
1056 886 1222 937 quidem
1254 883 1370 923 locus
1401 883 1505 922 adeo

39 971 277 1023 depravatus
316 971 402 1016 est,
444 971 491 1006 ut
519 979 595 1018 pro
626 967 862 1026 testimonio
893 961 1039 1004 haberi
1069 978 1150 1005 non
1181 950 1325 1017 possit.
1394 963 1506 1002 Mul-

38 1054 120 1090 tum
150 1049 275 1101 igitur
303 1044 522 1086 falleretui·
551 1046 620 1098 qui
651 1046 730 1084 hoc
753 1046 943 1084 dissensu
974 1046 1032 1084 ita
1062 1045 1124 1084 uti
1155 1044 1295 1092 vellet,
1325 1046 1372 1083 ut
1403 1042 1507 1082 duos

37 1127 220 1169 cinesias
250 1130 396 1179 poetas
427 1125 753 1177 dithyrambicos
783 1123 914 1163 fuisse
945 1125 1162 1163 crederet:
1202 1136 1308 1175 quae
1339 1122 1507 1174 quidem

36 1207 236 1248 sententia
266 1219 342 1246 nec
371 1205 411 1244 in
445 1206 580 1244 verbis
610 1203 868 1244 Scholiastae
897 1203 1110 1256 Aristoph.
1141 1203 1216 1242 Av.
1248 1203 1358 1242 1379
1390 1201 1509 1253 quid-

37 1263 156 1339 quath
185 1285 379 1339 praesidii
409 1284 555 1325 habet:
592 1281 760 1336 εἴρηται
802 1279 847 1320 δὲ
878 1281 973 1335 περὶ
1004 1278 1141 1320 αὑτοῦ
1171 1278 1216 1319 ἐν
1245 1275 1507 1334 Βατράχοις.

38 1360 64 1405 ὁ
95 1362 140 1404 δέ
177 1361 484 1419 Ἀριστοτέλης
523 1360 569 1401 ἐν
599 1362 696 1410 ταῖς
725 1356 1041 1408 Διδασκαλίαις
1078 1355 1157 1399 δύο
1199 1358 1313 1414 φησὶ
1342 1356 1509 1411 γεγονέ-

38 1455 124 1487 ναι.
180 1446 297 1487 Haec
326 1445 436 1484 enim
467 1443 702 1483 Aristotelis
734 1437 951 1481 ‘annotatio
989 1440 1040 1481 ad
1069 1439 1359 1492 Aristophanis
1390 1439 1510 1491 Lysi—

40 1527 204 1566 stratam
233 1529 422 1577 spectare
454 1522 629 1572 videtur,
658 1522 701 1562 in
732 1533 811 1574 qua
839 1520 981 1559 fabula
1009 1521 1079 1572 qui
1108 1519 1206 1559 inde
1236 1532 1259 1557 a
1288 1530 1410 1557 versu
1426 1516 1511 1556 850

41 1604 314 1646 introducitur
343 1603 553 1650 Cinesias‚
592 1614 718 1653 quum
754 1600 859 1640 nihil
889 1600 1013 1652 plane
1043 1599 1194 1639 habeat
1234 1597 1344 1649 quod
1377 1596 1513 1635 Mele-

43 1685 96 1724 tis
125 1684 234 1731 filio,
264 1683 427 1734 qualem
457 1681 756 1734 Aristophanes
794 1681 836 1719 in
867 1680 1023 1720 Avibus
1056 1678 1182 1717 Ranis
1213 1676 1514 1717 Ecclesiazusis

44 1767 86 1802 ct
101 1762 308 1815 Gerytade
338 1761 568 1813 descripsit,
600 1762 685 1801 ullo
707 1760 828 1800 modo
851 1758 1079 1806 conveniat,
1108 1757 1212 1796 nihil
1236 1755 1347 1795 aliud
1365 1755 1515 1794 dixisse

46 1843 206 1883 videtur
220 1840 476 1889 Aristoteles,
497 1840 573 1880 nisi
594 1841 696 1880 duos
713 1840 898 1879 diversos
912 1839 960 1877 ab
971 1836 1248 1889 Aristophane
1265 1847 1516 1874 commemo-

48 1922 130 1961 ἐπὶ
153 1920 353 1962 Cinesias.
386 1920 474 1959 Nec
510 1920 603 1973 plus
632 1920 703 1958 illa
732 1919 783 1958 de
815 1918 975 1957 duobus
1005 1917 1139 1969 poetis
1170 1915 1347 1957 Cinesiis
1377 1913 1515 1965 opinio

47 1999 294 2040 firmamenti
322 1998 447 2038 habet
474 1998 517 2037 in
550 2011 621 2047 eo,
654 1998 763 2050 quod
794 2010 915 2049 quem
945 1998 1096 2049 reliqui
1127 1995 1423 2037 Atheniensem
1455 1992 1516 2030 di-

50 2083 167 2128 cunt,
206 2079 431 2118 Thebanus
460 2064 705 2129 perhibetur
736 2091 759 2117 a
789 2077 1021 2117 Scholiasta
1053 2076 1264 2127 Aristoph.
1295 2075 1401 2113 Ran.
1434 2072 1514 2110 151

51 2148 107 2207 ἦν
145 2155 188 2195 δὲ
232 2153 427 2207 Θηβαῖος
462 2151 695 2207 μελοποιὸς
731 2150 955 2204 κάκιστος,
997 2157 1066 2196 ubi
1107 2152 1304 2205 Θηβαῖος
1344 2149 1518 2204 proclivi

0 2229 2 2237 ’
56 2249 198 2276 errore
232 2235 430 2286 scriptum
468 2237 531 2273 est
568 2246 642 2286 pro
687 2229 954 2282 Ἀθηναῖος.
1021 2235 1128 2273 Rem
1168 2231 1335 2272 conticit
1372 2228 1520 2280 opinor

59 2315 294 2355 Athenaeus
323 2313 404 2352 XII
441 2326 479 2364 p.
509 2311 586 2352 551
614 2326 650 2353 e.
719 2313 799 2365 Qui
836 2314 871 2353 si
910 2313 1012 2353 duos
1044 2313 1133 2352 eius
1164 2310 1342 2351 nominis
1372 2311 1519 2360 poetas

0 2403 2 2431 ὲ
59 2392 246 2446 cognitos
275 2391 498 2440 habuisset,
529 2404 610 2431 non
639 2405 737 2431 sane
767 2392 871 2431 haec
900 2392 1082 2432 scribere
1113 2391 1334 2444 potuisset:
1372 2379 1440 2427 ὅτι
1471 2384 1518 2425 δὲ

0 2459 6 2506 ἵ
58 2467 115 2520 ἠν
146 2465 359 2518 Κινησίας
389 2464 584 2518 νοσώδης
611 2468 686 2508 καὶ
715 2466 855 2518 δεινὸς
883 2459 1043 2522 τᾶλλα,
1080 2456 1338 2517 Λυσίας-
1366 2465 1520 2519 εἴρηκε,

1 2542 7 2585 ἶ
61 2543 244 2603 φάσκων
279 2543 415 2588 αὐτὸν
453 2543 674 2602 ἀφέμενον
711 2546 789 2598 τῆς
836 2548 986 2603 τέχνης
1031 2546 1325 2604 συκοφαντεῖν
1362 2545 1437 2586 καὶ
1476 2543 1521 2583 ἐκ

3 2674 10 2717 !

2 2623 8 2629 ’
59 2623 218 2668 τούτου
254 2624 467 2669 πλουτεῖν.
536 2619 606 2668 ὅτι
644 2625 691 2667 δὲ
729 2624 753 2668 ὁ
791 2624 974 2679 ποιητής
1010 2627 1101 2670 ἐστι
1142 2627 1216 2669 καὶ
1254 2622 1332 2681 οὐχ
1369 2624 1522 2677 ἕτερος,

63 2705 215 2762 σαᾳιῦς
244 2702 505 2759 σημαίνεται
532 2705 577 2747 ἐκ
608 2705 686 2748 τοῦ
720 2706 796 2748 καὶ
832 2706 903 2749 ἐπὶ
932 2703 1150 2760 ἀθεότητι
1178 2700 1525 2763 κωμῳδούμενον
