1702 3190
213 173 297 213 230
611 201 613 203 .
828 168 831 178 ¹
845 183 1053 212 STRATTIS·

214 275 552 333 ἐμφανίζεσθαι.
594 280 784 319 ceterum
816 280 1148 333 dithyrambicam
1179 285 1305 322 artem
1336 283 1374 322 in
1405 283 1555 323 familia
1584 286 1651 325 Ci-

141 401 153 415 ·
216 358 352 396 nesiae
380 356 508 397 fuisse
537 352 943 406 hereditariamsshoc
973 359 1214 399 documento
1245 365 1326 406 est,
1357 361 1463 411 quod
1492 365 1653 412 praeter

215 439 372 486 patrem
406 435 492 475 eius
523 436 717 474 Meletem
768 436 886 474 etiam
920 449 1017 474 avus
1049 436 1176 474 Pisias
1214 436 1253 475 in
1287 437 1530 476 citharoedis
1559 450 1652 488 per-

215 513 380 554 hibetur
416 525 439 551 a
477 512 723 550 pherecrate
761 512 867 563 apud
909 514 1046 553 Schol.
1086 513 1293 564 Aristoph.
1334 515 1405 554 Av.
1435 513 1529 553 859.
1593 514 1654 554 De
1690 514 1701 532 ’

219 591 400 629 moribus
437 590 612 628 hominis
642 590 912 629 nobilissimus
944 593 1006 629 est
1037 590 1194 641 Lysiae,
1225 590 1292 640 qui
1331 590 1428 629 duas
1464 592 1505 630 in
1536 592 1656 630 Cine-

217 669 318 707 siam
350 668 512 719 scripsit
541 667 757 713 orationes,
787 652 900 706 locus
932 667 1037 719 apud
1068 667 1320 706 Athenaeum
1351 668 1429 706 XII
1460 682 1498 719 p.
1528 668 1607 708 551
1625 668 1655 708 f.

215 739 293 796 οὐχ
322 735 447 791 οὗτός
475 741 593 782 ἐστιν
621 737 644 781 ὁ
672 740 854 781 τοιαῦτα
885 743 982 796 περὶ
1001 741 1134 790 θεοὺς
1161 739 1481 795 ἐξαμαρτάνων,
1511 740 1544 784 ἅ
1570 746 1661 793 τοῖς
1699 792 1700 795 ¹

214 821 294 874 μὲν
322 818 469 867 ἄλλοις
499 814 678 872 αἰσχρόν
705 817 797 859 ἔστι
824 820 897 859 καὶ
925 819 1072 872 λέγειν,
1101 818 1188 859 τῶν
1204 819 1659 876 κωμῳδοδιδασκάλων

217 893 444 937 δ’ἇκοὺετε
471 893 585 936 καθ’
619 895 799 944 ἕκαστον
827 893 1046 947 ἐνιαυτόνς
1102 898 1207 938 Vide
1237 899 1412 949 reliqua,
1442 900 1481 938 in
1512 902 1666 951 quibus'

216 976 450 1029 gravissime
479 979 642 1015 notatur
671 977 813 1014 miseri*
837 976 1012 1015 hominis
1039 975 1248 1025 impietas,
1286 977 1398 1015 cuius
1429 977 1657 1027 exemplum

216 1053 415 1094 habemus
445 1054 554 1104 apud
579 1053 892 1103 Aristophanem
923 1053 1026 1090 Ran.
1057 1052 1150 1092 3⁶6.
1210 1053 1354 1102 Neque
1383 1053 1656 1095 honorificen-

217 1130 298 1169 tius
328 1130 379 1169 de
410 1131 496 1169 eius
524 1129 652 1181 poesi,
683 1130 795 1167 cuius
825 1131 1030 1181 specimen
1060 1129 1234 1167 servavit
1263 1129 1556 1180 Aristophanes
1583 1133 1658 1174 Av.

219 1206 326 1247 1371
348 1219 434 1258 sqq.
463 1207 662 1246 iudicasse
693 1210 851 1244 veteres
882 1206 1003 1246 docet
1017 1205 1259 1247 Plutarchus
1288 1206 1338 1244 de
1368 1205 1495 1257 gloria
1511 1208 1658 1251 Athen.

217 1295 258 1336 1».
290 1284 371 1325 348
391 1285 415 1324 b
453 1279 476 1322 ὀ
506 1280 586 1335 γὰρ
616 1278 832 1330 Κινησίας
861 1277 1068 1336 ἀργαλέος
1096 1278 1203 1320 ἔοικε
1234 1280 1414 1331 ποιητὴς
1442 1285 1665 1335 γεγονέναι

221 1354 524 1414 διθυράμβων.
594 1359 668 1399 καὶ
709 1355 838 1407 αὐτὸς
880 1360 960 1412 μὲν
1001 1355 1156 1409 ἄγονος
1197 1359 1271 1398 καὶ
1315 1357 1465 1409 ἀκλεὴς
1502 1361 1658 1414 γέγονε,

220 1434 521 1491 σκωπτόμενος
558 1436 602 1476 δὲ
641 1436 715 1476 καὶ
752 1434 1058 1489 χλευαζόμενος
1094 1433 1178 1476 ὑπὸ
1215 1435 1300 1476 τῶν
1343 1438 1662 1494 κωμῳδοποιῶν

220 1509 298 1556 οὐκ
335 1510 534 1568 εὐτυχοῦς
572 1511 699 1564 δόξης
730 1513 997 1567 μετέσχηκεν.
1068 1517 1222 1566 Quibus
1267 1517 1401 1555 verbis
1443 1519 1659 1569 respicitur

220 1597 384 1645 praeter
420 1594 519 1633 alios
557 1595 677 1632 etiam
720 1594 987 1633 Pherecrates
1026 1592 1134 1644 apud
1173 1592 1432 1632 Plutarchum
1468 1595 1519 1633 de
1558 1609 1661 1652 mus.

220 1684 261 1723 p.
291 1671 398 1709 1141
429 1673 479 1711 Ε.
539 1672 740 1712 Cinesiam
764 1671 806 1709 in
835 1671 1036 1723 primariis
1066 1671 1268 1709 masculae
1296 1653 1568 1723 simplicisque
1597 1688 1663 1713 ar-

222 1749 273 1788 tis
317 1750 622 1800 corruptoribus
665 1760 894 1788 numerans.
968 1747 1124 1788 Eodem
1169 1747 1303 1786 ferme.
1343 1748 1449 1786 redit
1483 1751 1691 1792 sobrium‘

222 1825 403 1865 Platonis
439 1827 633 1866 iudicium
670 1827 771 1864 nihil
808 1838 951 1865 curare
980 1824 1182 1866 Cinesiam
1221 1825 1390 1864 dicentis
1429 1817 1544 1873 ὅπως
1581 1825 1670 1879 ἐρεῖ
1687 1817 1690 1863 Ῐ

222 1914 266 1940 τι
295 1901 491 1941 τοιοῦτον
528 1895 641 1942 ὅθεν
677 1897 732 1941 ἂν
758 1901 801 1941 οἱ
829 1897 1056 1947 ἀκούοντες
1085 1896 1279 1952 βελτίους
1307 1898 1550 1953 γίγνοιντο,
1590 1905 1663 1948 sed
1676 1905 1696 1950 '5³

223 1979 326 2020 illud
363 1981 483 2021 unice
523 1985 710 2033 spectare
756 1972 825 2019 ὅτι
867 1977 1009 2030 μέλλει
1041 1978 1298 2031 χαριεῖσθαι
1338 1977 1396 2033 τῷ
1430 1975 1555 2035 ὄχλῳ
1578 1980 1696 2036 τῶν]

223 2053 401 2095 θεατῶν
431 2058 555 2109 Gorg.
583 2071 624 2110 p.
653 2058 732 2097 501
750 2058 780 2098 f.
833 2059 983 2098 Contra
1013 2070 1116 2109 quae
1144 2056 1328 2108 insipide,
1358 2061 1402 2096 ut
1432 2058 1550 2106 solet,
1581 2059 1663 2099 dis·
1684 2051 1697 2089 52³

225 2134 354 2172 seruit
390 2135 588 2175 Aristides
623 2136 703 2175 vol.
743 2136 781 2175 ΙΙ
820 2149 860 2188 p.
890 2135 986 2174 381.
1015 2133 1110 2174 385.
1142 2135 1259 2175 Dind.
1325 2134 1411 2174 crr.
1449 2140 1663 2186 praeterea
1679 2137 1689 2162 >¹

225 2211 400 2250 Hanovii
429 2213 607 2252 Exercit.
639 2214 726 2252 crit.
758 2213 774 2251 1
812 2226 852 2265 p.
882 2214 951 2252 49.
1017 2212 1187 2250 Praeter
1222 2212 1292 2250 illa
1329 2225 1430 2264 quae
1461 2212 1539 2251 dixi
1568 2213 1690 2255 vitia

224 2289 428 2340 gracilitas
457 2289 632 2329 hominis
662 2293 703 2329 et
733 2290 961 2338 macilentia
988 2302 1036 2328 ex
1065 2289 1475 2332 teterrimfis·morbis
1504 2295 1661 2330 contra-
1679 2296 1687 2299 ”

225 2368 288 2404 cta
325 2366 591 2417 largissimam
639 2367 799 2406 ridendi
845 2368 1055 2418 materiem
1094 2367 1258 2405 comicis
1296 2367 1426 2417 poetis
1464 2369 1684 2421 praebuitff

227 2453 304 2492 qua
333 2443 374 2482 in
404 2456 450 2481 re
480 2456 583 2494 quae
600 2445 889 2497 Aristophanes
919 2445 1244 2496 ingeniosissime
1273 2444 1367 2482 lusit
1397 2445 1488 2482 vide
1517 2446 1556 2484 in
1581 2446 1661 2484 Ra-
1675 2450 1682 2460 ⁵

227 2518 288 2556 nis
319 2519 441 2568 1437,
481 2522 633 2561 Avibus
663 2522 786 2570 1378,
825 2522 1030 2574 Gerytade
1067 2536 1107 2574 p.
1139 2522 1232 2560 108.
1302 2522 1337 2562 Ε
1368 2522 1572 2561 Strattidis
1600 2522 1663 2561 fa-

228 2595 321 2634 bula
350 2609 398 2634 eo
429 2601 636 2650 pertinent
665 2600 787 2638 verba
822 2593 992 2638 (Ι)θιῶτ’
1032 2594 1249 2650 ’Λχιλλεῦ,
1285 2582 1429 2649 'quibus
1459 2599 1666 2644 Cinesiam

227 2675 510 2726 compellatum
553 2671 643 2717 esse
683 2679 801 2717 docet
840 2677 1073 2717 Athenaeus
1109 2675 1187 2715 ΧΠ
1223 2688 1265 2728 p.
1302 2675 1382 2714 551
1403 2675 1441 2714 d.
1515 2665 1686 2728 Neque*
