1702 3190
702 169 881 199 menes.
1475 150 1531 192 81

50 279 269 329 Anonymo
299 274 328 315 Ι.
357 273 386 315 l.
417 271 616 313 undecies
644 283 741 312 eum
770 270 921 311 vicisse
949 266 1165 308 referenti.
1225 264 1341 307 Idem
1371 263 1534 306 fabula-

50 369 144 396 rum
182 356 270 395 eius
309 353 415 393 nihil
453 364 674 405 superesse
712 350 902 399 tradidit3
943 360 1048 401 quae
1087 347 1197 386 enim
1230 345 1422 386 ferantur
1455 344 1534 386 suh

46 432 261 484 Magnetis
290 432 457 473 nomine
487 444 635 471 novem
665 429 918 475 comoediae,
950 439 1019 466 eas
1050 439 1143 466 esse
1161 425 1426 478 suppositas}
1445 420 1535 465 τῶν

53 508 99 549 δὲ
130 505 368 564 ὁραμάτων
396 504 537 549 αὐτοῦ
564 504 692 548 οὐδὲν
722 501 915 556 σώζεται,
946 502 1002 544 τὰ
1024 503 1069 544 δὲ
1092 499 1389 559 ἐπιτμρόμενά
1414 500 1537 542 ἐστιν

52 587 189 629 ἐννέα.
259 590 363 630 Cum
393 591 610 642 Anonymo
647 586 852 627 consentit
880 598 1004 638 quem
1045 587 1088 626 in
1115 585 1304 625 ferendis
1332 584 1384 624 de
1413 582 1538 623 fabu-

53 670 186 709 larum
214 663 470 721 γνησιότητι
497 667 661 707 iudiciis
691 666 980 706 Eratosthenis
1020 666 1144 706 crisin
1183 668 1406 717 sequutum
1443 673 1537 702 esse

53 749 254 801 suspicor,
277 747 518 807 Athenaeus
551 746 651 787 XIV
680 759 722 798 p.
742 745 860 784 ss-Llsse
903 738 1094 796 Μάγνης
1122 738 1152 794 ἢ
1182 739 1206 784 ὁ
1237 738 1430 793 ποιήσας
1458 736 1538 788 τὰς

50 820 114 875 εἰς
143 821 282 865 αὐτὸν
303 820 642 880 ἀναφερομένας
670 820 904 879 κωμῳδίας
989 825 1077 865 Csr.
1107 825 1220 864 idem
1250 823 1310 864 IX
1338 835 1380 875 p.
1411 818 1536 861 3671:

0 908 2 960 ξ
54 900 202 958 Neque
247 906 412 946 obstant
459 907 699 957 Anonymo,
747 908 794 944 ut
837 903 1052 945 Bentleius
1089 905 1225 957 Epist.
1265 901 1318 942 ad
1354 900 1538 941 Millium

0 975 1 1024 f
54 999 97 1039 p.
127 985 212 1025 479
242 985 355 1038 Lips.
385 986 581 1038 putabat,
619 996 726 1037 quae
757 983 932 1023 Photius
969 983 1098 1024 habet
1132 996 1174 1035 p.
1204 982 1304 1031 233,
1332 981 1389 1049 29
1444 975 1539 1019 Av-

0 1055 1 1083 3
50 1058 237 1113 ὃιάζωνε
285 1061 431 1104 Λυδοὶ
477 1059 720 1116 ΖΡΙιέγνητος
769 1058 850 1122 τόῦ
893 1058 1088 1114 κωμικοῦ
1130 1054 1538 1108 ὂιεσκευάσθησαν,

56 1157 165 1197 quae
196 1144 340 1183 eadem
370 1143 480 1196 apud
498 1142 666 1183 Suidam
696 1155 730 1182 s.
759 1155 798 1182 v.
827 1138 972 1180 Λυδοὶ
1000 1142 1219 1194 leguntur3
1249 1139 1398 1182 similia
1425 1135 1540 1190 apud

55 1223 337 1276 Hesychium:
365 1219 583 1270 Λυδίζων,
607 1216 820 1274 χορεύων,
850 1217 927 1259 διὰ
957 1217 1057 1268 τοὺς
1084 1215 1273 1268 Λυδούς,
1307 1212 1354 1258 οἵ
1380 1212 1542 1266 σώζον-

56 1316 131 1343 ται
149 1303 229 1355 μὲν
260 1297 615 1353 διεσκευασμένοι
643 1294 687 1338 δ’
720 1291 845 1338 εἰσίν.
895 1301 1082 1352 Quorum
1104 1300 1328 1339 verborum
1351 1297 1420 1337 hic
1443 1309 1541 1337 sen·

2 1407 9 1409 -
53 1396 127 1424 sus
157 1385 245 1421 est:
283 1392 505 1432 superesse
536 1381 703 1432 quidem
732 1380 942 1432 Magnetis
972 1380 1132 1432 Lydos,
1174 1379 1250 1419 sed
1280 1392 1364 1419 non
1393 1375 1542 1431 genui-

57 1476 133 1504 nos
160 1461 255 1500 illos
282 1465 325 1499 et
354 1459 497 1512 quales
525 1460 616 1511 ipse
630 1464 754 1511 poeta
781 1459 824 1499 iu
849 1473 1014 1500 scenam
1042 1460 1310 1509 commiserit,
1339 1458 1415 1498 sed
1440 1469 1541 1510 qua·

57 1541 122 1582 les
151 1541 202 1580 ab
225 1539 305 1579 alio
331 1540 456 1591 poeta
482 1539 558 1578 sub
580 1539 775 1578 incudem
789 1540 973 1579 revocati
996 1543 1039 1578 et
1061 1539 1267 1579 immutati
1280 1538 1440 1579 fuerint
1455 1539 1542 1590 ¹⁷).

56 1620 164 1662 Eius
194 1619 306 1658 modi
334 1618 569 1659 fabularum
598 1619 648 1658 ab
679 1619 769 1659 aliis
798 1619 935 1673 poetis
965 1624 1247 1660 correctarum
1289 1619 1395 1659 mire
1422 1619 1543 1661 ferax

56 1697 143 1738 fuit
173 1702 216 1737 et
243 1699 401 1750 tragica
430 1702 474 1737 et
502 1699 660 1738 comica
690 1698 943 1740 Graecorum
972 1700 1125 1752 poesis.
1191 1699 1304 1739 Hinc
1334 1699 1542 1752 explican-

58 1777 162 1818 dum
193 1777 402 1826 existimo,
448 1776 560 1829 quod
589 1775 668 1816 Dio
699 1778 1019 1830 chrysostomus
1051 1780 1166 1820 Orat.
1195 1778 1357 1819 XXXII
1386 1791 1428 1831 p.
1456 1777 1541 1819 391

59 1850 292 1911 κωμῳδίας
333 1860 376 1896 et
413 1850 648 1903 διασκευὰς
682 1857 921 1909 coniungit,
957 1854 1005 1896 ἐν
1043 1857 1141 1905 ταῖς
1179 1854 1431 1914 κωμῳδίαις
1466 1855 1545 1898 καὶ

60 1933 312 1981 διασκευαῖς
340 1931 555 1990 Καρίωνα
583 1935 666 1988 μὲν
692 1927 940 1989 εἰσάγοντες
966 1932 1202 1991 μεθύοντα
1231 1935 1308 1977 καὶ
1336 1934 1460 1978 Δᾶον
1489 1931 1544 1976 οὗ

60 2010 242 2071 σφόδρα
283 2012 456 2056 κινοῦσι
494 2012 677 2069 γέλωτα,
721 2020 765 2056 et
806 2017 992 2058 incertus
1031 2020 1178 2058 auctor
1215 2017 1327 2071 apud
1371 2017 1545 2059 Suidam

97 2164 167 2216 ¹¹¹)
197 2164 317 2203 Hanc
356 2161 559 2215 Hesychii
595 2163 818 2204 verborum
853 2164 1240 2216 interpretationem
1277 2177 1405 2218 quum
1443 2165 1545 2206 olim

174 2220 902 2319 ffgnuizadxuiizdehproptbsylziyssizm,
936 2222 1277 2316 Ranlttius-feus
1308 2222 1543 2263 Commeat.

257 2290 281 2315 v
406 2290 427 2315 r
485 2290 508 2316 o
572 2307 582 2318 .
644 2308 653 2317 .
887 2290 970 2317 non
1001 2292 1043 2317 sa
1065 2291 1100 2317 is
1129 2291 1144 2317 ι
1175 2290 1292 2317 onels
1323 2291 1368 2317 ar
1427 2292 1546 2319 men-

177 2332 232 2372 tis
258 2290 537 2385 improbavit.p
578 2291 700 2376 «lged
729 2335 951 2387 duplicem,
982 2335 1130 2386 inquit,
1162 2336 1214 2374 de
1239 2291 1450 2387 magnillis
1479 2336 1544 2376 fa-

179 2389 321 2429 «bulis
348 2403 495 2429 revera
521 2392 707 2431 extitisse
735 2391 983 2431 sententiam
1013 2393 1140 2444 idque
1166 2392 1372 2432 immerito
1398 2393 1545 2433 aMei-

179 2445 337 2485 «nekio
366 2451 562 2499 negatum
592 2461 684 2487 esse
714 2450 905 2488 arbitror.
972 2449 1161 2489 Fuerunt
1197 2449 1307 2488 enim
1338 2451 1409 2501 qui
1438 2449 1546 2489 nihil

179 2507 423 2542 «servatum
461 2516 555 2543 esse
592 2505 914 2554 contenderent3
954 2506 1023 2545 alii
1054 2507 1123 2558 qui
1159 2508 1344 2546 servatas
1375 2507 1544 2559 quidem

179 2571 309 2599 «esse
348 2572 498 2600 novem
536 2561 722 2611 fabulas,
759 2562 835 2601 sed
869 2567 965 2616 post
995 2564 1327 2604 commissionem
1363 2565 1414 2604 ab
1449 2565 1544 2616 ipso

178 2619 338 2668 «poeta
375 2621 583 2659 correctas
622 2624 891 2660 censerent.»
949 2621 1042 2660 Non
1073 2634 1175 2660 sane
1205 2622 1255 2661 ab
1284 2620 1375 2672 ipso
1403 2623 1544 2674 poeta,

107 2715 111 2721 ⁴
178 2673 279 2769 seclti
291 2674 342 2712 ab
379 2674 492 2733 aliis3
529 2675 683 2728 alioqui
712 2688 859 2730 parum
895 2681 991 2731 apte
1029 2678 1227 2731 loquutus
1264 2681 1376 2719 esset
1405 2689 1544 2732 gram-

178 2741 246 2770 ma
280 2741 367 2773 cus.
