1702 3190
223 163 288 207 ‘94
816 173 1066 206 tisamenus.

230 271 479 316 omittendus
507 270 741 315 Athenaeus
772 271 831 312 111
872 285 914 324 p.
945 273 1063 312 1190
1100 265 1220 321 ἰδίως
1254 269 1567 328 ἐσχημάτισται
1591 270 1674 324 (τὸ

229 347 427 404 τάριχος)
468 346 574 404 παρ’
611 345 841 404 “Ερμίππῳ
875 347 923 388 ἐν
953 344 1292 404 Ἀρτοπώλισιν·
1330 350 1420 392 καὶ
1455 346 1681 409 τάριχος(

230 422 407 468 πίονα.
465 428 511 468 In
541 440 620 479 qua
648 426 827 466 dictione
856 439 980 478 quum
1006 429 1268 470 Casaubonus
1296 431 1524 483 elegantem
1550 443 1684 483 gen&

229 507 286 546 ris
315 505 552 557 metalepsin
582 505 711 544 videri
739 505 816 544 sibi
844 504 952 544 visus
981 510 1103 555 esset,
1130 508 1340 548 verissime
1365 507 1678 560 Schweighaeu-

230 595 347 624 serus
375 583 484 634 apud
513 583 711 623 comicum
739 583 951 624 mulierem
981 584 1181 635 quandam
1218 588 1289 624 aut
1316 586 1433 627 aliam
1462 584 1677 638 personam

229 661 284 703 de
311 662 450 701 infima
478 661 600 711 plebe
629 661 813 701 consulto
842 660 1006 701 soloece
1035 665 1077 700 et
1104 662 1327 714 improprie
1354 664 1588 715 loquentem
1615 662 1679 702 in-

230 739 393 779 ductam
420 737 548 777 fuisse
577 738 747 777 monuit.
804 738 950 788 Neque
981 739 1088 778 enim
1117 739 1291 779 dubitari
1319 745 1456 792 potest
1484 741 1580 792 quin
1607 741 1681 781 illa

228 817 280 856 ab
317 816 546 868 Hyper-boli
584 818 715 855 matre
751 816 1017 866 pronunciata
1051 816 1225 865 fuerint,
1272 830 1390 868 quam
1428 818 1679 870 Hermippus

228 895 402 934 barbare
430 893 665 944 loquentem
693 891 919 934 induxerat.
984 894 1144 934 Eodem
1170 894 1308 934 refero
1338 896 1515 947 glossam
1542 896 1679 947 Hesy-

230 973 328 1021 chii,
355 968 529 1020 Δοκηκῶ
556 965 655 1008 ἀντὶ
685 967 763 1009 τοῦ
790 968 929 1010 δοκοῖς
958 966 1131 1020 ἔπαιξεν
1161 968 1207 1010 δὲ
1226 963 1475 1025 ’Ἕρμιππος
1497 970 1543 1011 ἐν
1566 968 1686 1026 Ἀρ-

230 1044 477 1089 τοπώλισιν.
557 1050 810 1099 Quamquam
850 1049 954 1088 haec
1000 1050 1120 1087 aliter
1164 1050 1455 1100 interpretatus
1499 1054 1561 1089 est
1597 1050 1680 1092 Th.

229 1127 430 1178 Bergkius
465 1125 577 1164 Actis
607 1125 700 1164 Soc.
730 1138 792 1177 gr.
823 1126 905 1165 vol.
937 1125 954 1164 l
983 1138 1024 1177 p.
1056 1125 1150 1165 134.
1206 1126 1421 1178 Hermippi
1450 1129 1680 1180 exemplum

228 1206 374 1257 postea
402 1206 598 1255 sequutus
627 1205 691 1241 est
719 1202 859 1251 Plato,
889 1201 941 1241 de
972 1215 1051 1254 quo
1083 1203 1308 1242 Scholiasta
1335 1204 1545 1257 Aristoph.
1574 1206 1679 1246 Rau.

230 1282 313 1320 693
355 1278 431 1320 καὶ
467 1275 661 1318 Πλάτων
705 1277 753 1318 ἐν
789 1276 1048 1333 Κλεοφῶντι
1092 1275 1282 1334 δράματι
1327 1278 1682 1335 βαρβαρίζουσαν

231 1355 339 1412 πρὸς
367 1354 503 1396 αὐτὸν
532 1353 736 1405 πεποίηκε
766 1353 846 1406 τὴν
874 1356 1054 1412 μητέρα.
1116 1358 1197 1410 Qui
1232 1361 1445 1410 praeterea
1483 1373 1507 1400 e
1538 1361 1681 1400 Pistri-

230 1437 345 1477 cibus
374 1436 603 1475 afferuntur
631 1447 774 1474 versus
813 1448 837 1475 a
865 1436 1094 1477 Scholiasta
1122 1437 1332 1490 Aristoph.
1359 1438 1435 1479 Av.
1467 1437 1590 1488 1555,
1628 1438 1682 1479 de

232 1515 284 1555 iis
312 1514 364 1554 ad
393 1514 624 1566 fragmenta
655 1513 808 1552 dictum
837 1517 914 1554 est.

344 1592 392 1632 In
421 1591 746 1643 Cercopibus
776 1591 952 1631 dubitari
980 1594 1116 1642 potest
1143 1596 1279 1631 utrum
1293 1592 1543 1645 Hermippus
1571 1593 1691 1645 ipsos·

231 1669 326 1710 illos
354 1669 639 1709 fraudulentos
662 1669 855 1708 Herculis
883 1670 1054 1709 comites
1083 1673 1125 1708 et
1153 1681 1312 1708 scurras
1340 1669 1382 1709 in
1401 1682 1563 1711 scenam
1586 1683 1683 1723 pro-

233 1748 406 1796 duxerit,
434 1761 486 1788 an
515 1747 590 1787 sub
620 1747 852 1799 Cercopum
879 1747 1045 1788 nomine
1075 1747 1240 1787 callidos
1267 1747 1510 1799 impostores
1539 1752 1582 1788 et
1609 1748 1682 1788 do·-

232 1826 344 1866 losos
381 1825 639 1865 fraudatores
674 1826 971 1877 perstrinxerit.
1049 1825 1173 1864 Tales
1213 1825 1320 1864 enim
1358 1825 1489 1865 fuisse
1526 1829 1684 1866 constat

231 1904 444 1944 fabulosos
480 1903 574 1942 illos
603 1904 837 1955 Cemopes,
877 1903 929 1942 de
959 1903 1103 1953 quibus
1132 1901 1326 1954 perdocta
1362 1905 1425 1941 est
1453 1903 1681 1943 dissertatio

233 1982 427 2021 Lohecldi
454 1981 496 2020 in
526 1981 805 2033 Aglaophamo
833 1994 874 2032 p.
906 1981 1015 2020 1296
1045 1993 1133 2031 sqq.
1189 1979 1349 2019 Eodem
1378 1980 1496 2019 titulo
1524 1979 1683 2022 fabulas

234 2046 463 2099 docuerunt
486 2059 602 2097 Plato
634 2063 675 2097 et
703 2059 913 2107 Eubulus,
942 2058 1115 2097 fortasse
1145 2058 1267 2096 etiam
1295 2058 1530 2109 Menippus.
1591 2058 1683 2114 ⁵Sed

236 2136 289 2176 de
317 2137 397 2176 hoc
425 2136 534 2176 infra
563 2136 735 2175 dicetur.
802 2135 1080 2188 Hermippeae
1115 2134 1278 2189 fabulae
1313 2136 1474 2175 titulum
1503 2138 1549 2173 ut
1577 2136 1695 2186 figu-v

234 2218 324 2256 rato
360 2227 485 2256 sensu
522 2215 732 2267 accipiam,
770 2217 936 2265 praeter
978 2225 1141 2252 versum
1186 2213 1294 2266 apud
1328 2213 1586 2255 Athenaeum
1625 2213 1691 2253 xl·

234 2307 276 2346 p.
305 2293 388 2333 502
407 2307 432 2333 e
461 2286 637 2346 χρυσίδ’
655 2289 775 2330 οἴνου
811 2289 1084 2339 πανσέληνον
1110 2287 1267 2329 ἐκπιών
1293 2285 1511 2344 ὑφείλετο,
1548 2294 1685 2332 movet

236 2384 303 2412 me
330 2370 434 2411 illud
455 2370 676 2423 Hesychii:
708 2364 1187 2423 Κολακοφοροκλείὸηςε
1211 2362 1505 2422 Ἵεροκλείδης,
1534 2363 1586 2408 ὃν
1612 2366 1683 2408 ἐπὶ

235 2443 425 2503 πονηρία
451 2445 745 2503 κωμῳδοῦσιν,
765 2438 1014 2499 ’Ἕρμιππος
1042 2446 1121 2498 μὲν
1149 2443 1196 2484 ἐν
1223 2444 1432 2498 Κέρκωψι
1472 2442 1684 2500 Φρύνιχος

236 2523 284 2565 δὲ
309 2523 356 2564 ἐν
383 2524 664 2577 Κωμασταῖς.
729 2525 897 2578 Dionysi
933 2524 1125 2577 quasdam
1152 2524 1195 2562 in
1223 2522 1362 2562 fabula
1390 2527 1528 2575 partes
1555 2523 1694 2564 fuisse

238 2603 360 2644 docet
395 2603 632 2644 Athenaeus
677 2602 756 2643 Xll
794 2615 835 2654 p.
863 2602 942 2642 551
961 2603 1000 2643 b.
1070 2601 1134 2641 Ex
1175 2600 1323 2640 ceteris
1357 2599 1595 2653 fragmentis
1632 2601 1702 2650 81),

237 2683 386 2724 eodem
429 2680 642 2722 Athenaeo
680 2680 740 2720 111
784 2693 826 2733 p.
857 2678 983 2721 1231:
1028 2677 1126 2723 XIV
1161 2690 1203 2730 p
1241 2676 1363 2718 65oe
1398 2681 1441 2718 et
1475 2679 1681 2760 Antiattic.
