<?xml version="1.0" encoding="UTF-8"?>
<!DOCTYPE html PUBLIC "-//W3C//DTD XHTML 1.0 Transitional//EN"
    "http://www.w3.org/TR/xhtml1/DTD/xhtml1-transitional.dtd">
<html xmlns="http://www.w3.org/1999/xhtml" xml:lang="en" lang="en">
 <head>
  <title>
</title>
<meta http-equiv="Content-Type" content="text/html;charset=utf-8" />
  <meta name='ocr-system' content='tesseract 3.04.00' />
  <meta name='ocr-capabilities' content='ocr_page ocr_carea ocr_par ocr_line ocrx_word'/>
</head>
<body>
  <div class='ocr_page' id='page_1' title='image "./fragmentacomicor01meinuoft_0131.png"; bbox 0 0 1702 3190; ppageno 0'>
   <div class='ocr_carea' id='block_1_1' title="bbox 663 143 1503 184">
    <p class='ocr_par' dir='ltr' id='par_1_1' title="bbox 663 143 1503 184">
     <span class='ocr_line' id='line_1_1' title="bbox 663 143 1503 184; baseline -0.001 0"><span class='ocrx_word' id='word_1_1' title='bbox 663 154 854 184; x_wconf 67' lang='lat' dir='ltr'><strong>Euromo.</strong></span> <span class='ocrx_word' id='word_1_2' title='bbox 1419 143 1503 184; x_wconf 79' lang='lat' dir='ltr'><strong>loo</strong></span> 
     </span>
    </p>
   </div>
   <div class='ocr_carea' id='block_1_2' title="bbox 0 253 1505 2218">
    <p class='ocr_par' dir='ltr' id='par_1_2' title="bbox 0 253 1505 2218">
     <span class='ocr_line' id='line_1_2' title="bbox 22 253 1505 311; baseline -0.004 -7"><span class='ocrx_word' id='word_1_3' title='bbox 22 261 140 304; x_wconf 87' lang='lat' dir='ltr'><strong>ldem</strong></span> <span class='ocrx_word' id='word_1_4' title='bbox 176 266 315 302; x_wconf 87' lang='lat' dir='ltr'><strong>tamen</strong></span> <span class='ocrx_word' id='word_1_5' title='bbox 362 261 413 301; x_wconf 87' lang='lat' dir='ltr'><strong>ab</strong></span> <span class='ocrx_word' id='word_1_6' title='bbox 460 261 678 311; x_wconf 76' lang='lat' dir='ltr'><strong>Anonymo</strong></span> <span class='ocrx_word' id='word_1_7' title='bbox 729 256 782 296; x_wconf 90' lang='lat' dir='ltr'><strong>de</strong></span> <span class='ocrx_word' id='word_1_8' title='bbox 811 254 1037 296; x_wconf 81' lang='lat' dir='ltr'><strong>Comoedia</strong></span> <span class='ocrx_word' id='word_1_9' title='bbox 1084 267 1124 307; x_wconf 84' lang='lat' dir='ltr'><strong>p.</strong></span> <span class='ocrx_word' id='word_1_10' title='bbox 1162 253 1302 294; x_wconf 82' lang='lat' dir='ltr'><strong>XXIX</strong></span> <span class='ocrx_word' id='word_1_11' title='bbox 1348 257 1505 298; x_wconf 79' lang='lat' dir='ltr'><strong>Cratini</strong></span> 
     </span>
     <span class='ocr_line' id='line_1_3' title="bbox 21 333 1504 394; baseline -0.003 -11"><span class='ocrx_word' id='word_1_12' title='bbox 21 341 210 394; x_wconf 85' lang='lat' dir='ltr'><strong>exemplo</strong></span> <span class='ocrx_word' id='word_1_13' title='bbox 239 341 483 381; x_wconf 87' lang='lat' dir='ltr'><strong>immodicus</strong></span> <span class='ocrx_word' id='word_1_14' title='bbox 512 340 556 379; x_wconf 89' lang='lat' dir='ltr'><strong>in</strong></span> <span class='ocrx_word' id='word_1_15' title='bbox 585 336 780 378; x_wconf 86' lang='lat' dir='ltr'><strong>conviciis</strong></span> <span class='ocrx_word' id='word_1_16' title='bbox 811 339 853 374; x_wconf 87' lang='lat' dir='ltr'><strong>et</strong></span> <span class='ocrx_word' id='word_1_17' title='bbox 882 335 1047 386; x_wconf 82' lang='lat' dir='ltr'><strong>ineptus</strong></span> <span class='ocrx_word' id='word_1_18' title='bbox 1077 333 1206 372; x_wconf 86' lang='lat' dir='ltr'><strong>fuisse</strong></span> <span class='ocrx_word' id='word_1_19' title='bbox 1244 336 1504 392; x_wconf 78' lang='lat' dir='ltr'><strong>perhibetur,</strong></span> 
     </span>
     <span class='ocr_line' id='line_1_4' title="bbox 21 408 1503 473; baseline -0.006 -12"><span class='ocrx_word' id='word_1_20' title='bbox 21 418 157 471; x_wconf 74' lang='grc' dir='ltr'><em>ζηλῶν</em></span> <span class='ocrx_word' id='word_1_21' title='bbox 181 418 405 473; x_wconf 80' lang='grc' dir='ltr'><em>Κρατῖνον</em></span> <span class='ocrx_word' id='word_1_22' title='bbox 434 413 548 458; x_wconf 83' lang='grc' dir='ltr'><em>πολύ</em></span> <span class='ocrx_word' id='word_1_23' title='bbox 577 429 622 470; x_wconf 76' lang='grc' dir='ltr'><strong>γε</strong></span> <span class='ocrx_word' id='word_1_24' title='bbox 651 410 855 467; x_wconf 83' lang='grc' dir='ltr'><em>λοίδορον</em></span> <span class='ocrx_word' id='word_1_25' title='bbox 884 411 958 451; x_wconf 89' lang='grc' dir='ltr'><strong>καὶ</strong></span> <span class='ocrx_word' id='word_1_26' title='bbox 990 408 1148 451; x_wconf 86' lang='grc' dir='ltr'><em>σκαιὸν</em></span> <span class='ocrx_word' id='word_1_27' title='bbox 1175 409 1400 466; x_wconf 65' lang='grc' dir='ltr'><em>ἐπιφαίνει</em></span> <span class='ocrx_word' id='word_1_28' title='bbox 1419 421 1503 470; x_wconf 76' lang='lat'><strong>⁵⁷),</strong></span> 
     </span>
     <span class='ocr_line' id='line_1_5' title="bbox 0 491 1504 554; baseline -0.008 -13"><span class='ocrx_word' id='word_1_29' title='bbox 0 492 195 554; x_wconf 51' lang='lat' dir='ltr'><strong>¹quorum</strong></span> <span class='ocrx_word' id='word_1_30' title='bbox 226 501 339 552; x_wconf 86' lang='lat' dir='ltr'><strong>prius</strong></span> <span class='ocrx_word' id='word_1_31' title='bbox 368 499 522 538; x_wconf 88' lang='lat' dir='ltr'><strong>indicat</strong></span> <span class='ocrx_word' id='word_1_32' title='bbox 552 497 676 536; x_wconf 88' lang='lat' dir='ltr'><strong>etiam</strong></span> <span class='ocrx_word' id='word_1_33' title='bbox 707 494 875 534; x_wconf 81' lang='lat' dir='ltr'>Persius</span> <span class='ocrx_word' id='word_1_34' title='bbox 905 493 990 532; x_wconf 88' lang='lat' dir='ltr'><strong>Sat.</strong></span> <span class='ocrx_word' id='word_1_35' title='bbox 1022 492 1045 530; x_wconf 90' lang='lat'>1</span> <span class='ocrx_word' id='word_1_36' title='bbox 1079 491 1162 530; x_wconf 77' lang='lat'><strong>124</strong></span> <span class='ocrx_word' id='word_1_37' title='bbox 1194 492 1386 534; x_wconf 84' lang='lat' dir='ltr'><strong>iratum</strong></span> <span class='ocrx_word' id='word_1_38' title='bbox 1416 498 1504 537; x_wconf 85' lang='lat' dir='ltr'><strong>Eu-</strong></span> 
     </span>
     <span class='ocr_line' id='line_1_6' title="bbox 21 571 1503 631; baseline -0.001 -13"><span class='ocrx_word' id='word_1_39' title='bbox 21 579 136 631; x_wconf 88' lang='lat' dir='ltr'><strong>polin</strong></span> <span class='ocrx_word' id='word_1_40' title='bbox 174 578 328 626; x_wconf 85' lang='lat' dir='ltr'><strong>dicens,</strong></span> <span class='ocrx_word' id='word_1_41' title='bbox 360 582 403 616; x_wconf 89' lang='lat' dir='ltr'><strong>et</strong></span> <span class='ocrx_word' id='word_1_42' title='bbox 433 577 637 616; x_wconf 85' lang='lat' dir='ltr'><strong>Lucianus</strong></span> <span class='ocrx_word' id='word_1_43' title='bbox 667 574 766 613; x_wconf 86' lang='lat' dir='ltr'><strong>Iove</strong></span> <span class='ocrx_word' id='word_1_44' title='bbox 796 574 893 612; x_wconf 82' lang='lat' dir='ltr'><strong>Ace.</strong></span> <span class='ocrx_word' id='word_1_45' title='bbox 923 571 1004 611; x_wconf 66' lang='lat' dir='ltr'><strong>vol.</strong></span> <span class='ocrx_word' id='word_1_46' title='bbox 1024 571 1063 610; x_wconf 95' lang='lat' dir='ltr'><strong>ll</strong></span> <span class='ocrx_word' id='word_1_47' title='bbox 1094 585 1136 623; x_wconf 86' lang='lat' dir='ltr'><strong>p.</strong></span> <span class='ocrx_word' id='word_1_48' title='bbox 1151 572 1235 611; x_wconf 82' lang='lat'><strong>832</strong></span> <span class='ocrx_word' id='word_1_49' title='bbox 1254 573 1400 614; x_wconf 87' lang='lat' dir='ltr'><strong>Wetst.</strong></span> <span class='ocrx_word' id='word_1_50' title='bbox 1434 578 1503 628; x_wconf 88' lang='lat' dir='ltr'><strong>qui</strong></span> 
     </span>
     <span class='ocr_line' id='line_1_7' title="bbox 21 645 1502 710; baseline -0.005 -12"><span class='ocrx_word' id='word_1_51' title='bbox 21 658 204 710; x_wconf 83' lang='lat' dir='ltr'><strong>Eupolin</strong></span> <span class='ocrx_word' id='word_1_52' title='bbox 234 663 276 696; x_wconf 89' lang='lat' dir='ltr'><strong>et</strong></span> <span class='ocrx_word' id='word_1_53' title='bbox 304 655 621 707; x_wconf 83' lang='lat' dir='ltr'><strong>Aristophanem</strong></span> <span class='ocrx_word' id='word_1_54' title='bbox 660 656 780 692; x_wconf 81' lang='lat' dir='ltr'><strong>vocat</strong></span> <span class='ocrx_word' id='word_1_55' title='bbox 818 647 988 698; x_wconf 63' lang='lat' dir='ltr'><strong>decvobg</strong></span> <span class='ocrx_word' id='word_1_56' title='bbox 1018 645 1186 704; x_wconf 78' lang='grc' dir='ltr'><em>ἄνδρας</em></span> <span class='ocrx_word' id='word_1_57' title='bbox 1214 648 1502 706; x_wconf 76' lang='grc' dir='ltr'><em>ἐπικερτομῆ-</em></span> 
     </span>
     <span class='ocr_line' id='line_1_8' title="bbox 0 726 1500 787; baseline -0.001 -12"><span class='ocrx_word' id='word_1_58' title='bbox 0 733 101 782; x_wconf 58' lang='grc' dir='ltr'><strong>ξσαι</strong></span> <span class='ocrx_word' id='word_1_59' title='bbox 128 732 184 773; x_wconf 76' lang='grc' dir='ltr'><strong>τὰ</strong></span> <span class='ocrx_word' id='word_1_60' title='bbox 213 730 353 787; x_wconf 70' lang='grc' dir='ltr'><em>σεμνὰ</em></span> <span class='ocrx_word' id='word_1_61' title='bbox 380 732 455 772; x_wconf 85' lang='grc' dir='ltr'><strong>καὶ</strong></span> <span class='ocrx_word' id='word_1_62' title='bbox 480 727 695 785; x_wconf 70' lang='grc' dir='ltr'><em>χλευάσαι</em></span> <span class='ocrx_word' id='word_1_63' title='bbox 724 726 779 770; x_wconf 81' lang='grc' dir='ltr'><strong>τὰ</strong></span> <span class='ocrx_word' id='word_1_64' title='bbox 809 728 950 778; x_wconf 78' lang='grc' dir='ltr'><em>καλῶς</em></span> <span class='ocrx_word' id='word_1_65' title='bbox 981 726 1152 783; x_wconf 78' lang='grc' dir='ltr'><em>ἔχοντα,</em></span> <span class='ocrx_word' id='word_1_66' title='bbox 1185 744 1291 782; x_wconf 85' lang='lat' dir='ltr'><strong>quae</strong></span> <span class='ocrx_word' id='word_1_67' title='bbox 1322 735 1500 776; x_wconf 77' lang='lat' dir='ltr'>maxime</span> 
     </span>
     <span class='ocr_line' id='line_1_9' title="bbox 0 788 1501 870; baseline -0.001 -14"><span class='ocrx_word' id='word_1_68' title='bbox 0 788 73 863; x_wconf 32' lang='lat' dir='ltr'><strong>{ad</strong></span> <span class='ocrx_word' id='word_1_69' title='bbox 102 815 282 855; x_wconf 87' lang='lat' dir='ltr'><strong>Socratis</strong></span> <span class='ocrx_word' id='word_1_70' title='bbox 323 812 557 870; x_wconf 69' lang='lat' dir='ltr'><strong>irrisionem</strong></span> <span class='ocrx_word' id='word_1_71' title='bbox 602 815 792 864; x_wconf 86' lang='lat' dir='ltr'><strong>spectare</strong></span> <span class='ocrx_word' id='word_1_72' title='bbox 822 816 944 863; x_wconf 88' lang='lat' dir='ltr'><strong>puto,</strong></span> <span class='ocrx_word' id='word_1_73' title='bbox 984 823 1108 862; x_wconf 87' lang='lat' dir='ltr'><strong>quem</strong></span> <span class='ocrx_word' id='word_1_74' title='bbox 1138 811 1280 863; x_wconf 88' lang='lat' dir='ltr'><strong>paucis</strong></span> <span class='ocrx_word' id='word_1_75' title='bbox 1319 813 1501 864; x_wconf 88' lang='lat' dir='ltr'><strong>quidem,</strong></span> 
     </span>
     <span class='ocr_line' id='line_1_10' title="bbox 0 869 1502 944; baseline 0 -9"><span class='ocrx_word' id='word_1_76' title='bbox 0 869 94 936; x_wconf 55' lang='lat' dir='ltr'><strong>1sed</strong></span> <span class='ocrx_word' id='word_1_77' title='bbox 133 899 216 933; x_wconf 86' lang='lat' dir='ltr'><strong>tam</strong></span> <span class='ocrx_word' id='word_1_78' title='bbox 245 894 447 933; x_wconf 73' lang='lat' dir='ltr'><strong>virulenta</strong></span> <span class='ocrx_word' id='word_1_79' title='bbox 485 892 711 932; x_wconf 89' lang='lat' dir='ltr'><strong>acerbitate</strong></span> <span class='ocrx_word' id='word_1_80' title='bbox 753 891 996 944; x_wconf 80' lang='lat' dir='ltr'><strong>exagitavit,</strong></span> <span class='ocrx_word' id='word_1_81' title='bbox 1035 894 1082 930; x_wconf 88' lang='lat' dir='ltr'><strong>ut</strong></span> <span class='ocrx_word' id='word_1_82' title='bbox 1119 904 1172 931; x_wconf 91' lang='lat' dir='ltr'><strong>ne</strong></span> <span class='ocrx_word' id='word_1_83' title='bbox 1202 892 1502 944; x_wconf 79' lang='lat' dir='ltr'><strong>Aristophanes</strong></span> 
     </span>
     <span class='ocr_line' id='line_1_11' title="bbox 22 969 1502 1027; baseline 0 -13"><span class='ocrx_word' id='word_1_84' title='bbox 22 974 185 1027; x_wconf 81' lang='lat' dir='ltr'><strong>quidem</strong></span> <span class='ocrx_word' id='word_1_85' title='bbox 223 975 266 1014; x_wconf 89' lang='lat' dir='ltr'><strong>in</strong></span> <span class='ocrx_word' id='word_1_86' title='bbox 297 974 485 1013; x_wconf 81' lang='lat' dir='ltr'><strong>Nubibus</strong></span> <span class='ocrx_word' id='word_1_87' title='bbox 526 984 620 1011; x_wconf 89' lang='lat' dir='ltr'><strong>eum</strong></span> <span class='ocrx_word' id='word_1_88' title='bbox 659 983 858 1023; x_wconf 83' lang='lat' dir='ltr'><strong>aequasse</strong></span> <span class='ocrx_word' id='word_1_89' title='bbox 896 970 1122 1010; x_wconf 72' lang='lat' dir='ltr'><strong>videretur.</strong></span> <span class='ocrx_word' id='word_1_90' title='bbox 1189 969 1240 1012; x_wconf 87' lang='lat' dir='ltr'><strong>V.</strong></span> <span class='ocrx_word' id='word_1_91' title='bbox 1271 971 1502 1014; x_wconf 85' lang='lat' dir='ltr'><strong>Scholiasta</strong></span> 
     </span>
     <span class='ocr_line' id='line_1_12' title="bbox 21 1049 1502 1104; baseline -0.001 -9"><span class='ocrx_word' id='word_1_92' title='bbox 21 1053 131 1095; x_wconf 85' lang='lat' dir='ltr'><strong>Nub.</strong></span> <span class='ocrx_word' id='word_1_93' title='bbox 170 1054 239 1093; x_wconf 78' lang='lat'><strong>97.</strong></span> <span class='ocrx_word' id='word_1_94' title='bbox 279 1054 375 1101; x_wconf 87' lang='lat'><strong>180,</strong></span> <span class='ocrx_word' id='word_1_95' title='bbox 405 1051 587 1104; x_wconf 80' lang='lat' dir='ltr'><strong>Etymol.</strong></span> <span class='ocrx_word' id='word_1_96' title='bbox 625 1051 687 1090; x_wconf 88' lang='lat' dir='ltr'><strong>M.</strong></span> <span class='ocrx_word' id='word_1_97' title='bbox 726 1062 769 1102; x_wconf 85' lang='lat' dir='ltr'><strong>p.</strong></span> <span class='ocrx_word' id='word_1_98' title='bbox 809 1050 863 1088; x_wconf 89' lang='grc'><strong>18</strong></span> <span class='ocrx_word' id='word_1_99' title='bbox 902 1049 957 1088; x_wconf 86' lang='grc'><strong>10</strong></span> <span class='ocrx_word' id='word_1_100' title='bbox 1002 1052 1045 1088; x_wconf 83' lang='lat' dir='ltr'><strong>et</strong></span> <span class='ocrx_word' id='word_1_101' title='bbox 1082 1049 1290 1090; x_wconf 83' lang='lat' dir='ltr'><strong>Lucianus</strong></span> <span class='ocrx_word' id='word_1_102' title='bbox 1331 1050 1440 1092; x_wconf 86' lang='lat' dir='ltr'><strong>Pisc.</strong></span> <span class='ocrx_word' id='word_1_103' title='bbox 1484 1053 1502 1093; x_wconf 88' lang='lat'>1</span> 
     </span>
     <span class='ocr_line' id='line_1_13' title="bbox 20 1128 1502 1186; baseline -0.002 -13"><span class='ocrx_word' id='word_1_104' title='bbox 20 1145 63 1186; x_wconf 87' lang='lat' dir='ltr'><strong>p.</strong></span> <span class='ocrx_word' id='word_1_105' title='bbox 91 1131 189 1172; x_wconf 82' lang='lat'>595.</span> <span class='ocrx_word' id='word_1_106' title='bbox 258 1132 443 1172; x_wconf 82' lang='lat' dir='ltr'><strong>Eandem</strong></span> <span class='ocrx_word' id='word_1_107' title='bbox 483 1129 756 1170; x_wconf 89' lang='lat' dir='ltr'><strong>maledicendi</strong></span> <span class='ocrx_word' id='word_1_108' title='bbox 794 1128 1104 1181; x_wconf 78' lang='lat' dir='ltr'><strong>intemperiem,</strong></span> <span class='ocrx_word' id='word_1_109' title='bbox 1140 1133 1186 1168; x_wconf 87' lang='lat' dir='ltr'><strong>ut</strong></span> <span class='ocrx_word' id='word_1_110' title='bbox 1225 1130 1398 1171; x_wconf 86' lang='lat' dir='ltr'><strong>Calliam</strong></span> <span class='ocrx_word' id='word_1_111' title='bbox 1428 1133 1502 1173; x_wconf 87' lang='grc' dir='ltr'><strong>ΛΙ-</strong></span> 
     </span>
     <span class='ocr_line' id='line_1_14' title="bbox 22 1194 1504 1256; baseline 0 -5"><span class='ocrx_word' id='word_1_112' title='bbox 22 1212 225 1252; x_wconf 88' lang='lat' dir='ltr'><strong>cibiadem</strong></span> <span class='ocrx_word' id='word_1_113' title='bbox 261 1194 541 1251; x_wconf 82' lang='lat' dir='ltr'><strong>Melanthium</strong></span> <span class='ocrx_word' id='word_1_114' title='bbox 583 1209 686 1248; x_wconf 89' lang='lat' dir='ltr'><strong>alios</strong></span> <span class='ocrx_word' id='word_1_115' title='bbox 725 1208 934 1256; x_wconf 84' lang='lat' dir='ltr'><strong>omittam,</strong></span> <span class='ocrx_word' id='word_1_116' title='bbox 988 1208 1223 1248; x_wconf 85' lang='lat' dir='ltr'><strong>ostendisse</strong></span> <span class='ocrx_word' id='word_1_117' title='bbox 1257 1211 1423 1250; x_wconf 74' lang='lat' dir='ltr'><strong>videtur</strong></span> <span class='ocrx_word' id='word_1_118' title='bbox 1460 1213 1504 1254; x_wconf 87' lang='lat' dir='ltr'><strong>in</strong></span> 
     </span>
     <span class='ocr_line' id='line_1_15' title="bbox 22 1287 1504 1340; baseline 0.001 -8"><span class='ocrx_word' id='word_1_119' title='bbox 22 1290 249 1332; x_wconf 77' lang='lat' dir='ltr'><strong>cavillando</strong></span> <span class='ocrx_word' id='word_1_120' title='bbox 279 1288 498 1340; x_wconf 83' lang='lat' dir='ltr'><strong>Autolyco,</strong></span> <span class='ocrx_word' id='word_1_121' title='bbox 531 1288 798 1328; x_wconf 83' lang='lat' dir='ltr'><strong>adolescente</strong></span> <span class='ocrx_word' id='word_1_122' title='bbox 827 1287 1168 1327; x_wconf 85' lang='lat' dir='ltr'><strong>innocentissimo</strong></span> <span class='ocrx_word' id='word_1_123' title='bbox 1202 1292 1244 1327; x_wconf 87' lang='lat' dir='ltr'><strong>et</strong></span> <span class='ocrx_word' id='word_1_124' title='bbox 1273 1290 1426 1331; x_wconf 86' lang='lat' dir='ltr'><strong>nullius</strong></span> <span class='ocrx_word' id='word_1_125' title='bbox 1455 1297 1504 1333; x_wconf 90' lang='lat' dir='ltr'><strong>ut</strong></span> 
     </span>
     <span class='ocr_line' id='line_1_16' title="bbox 20 1365 1501 1422; baseline 0.001 -12"><span class='ocrx_word' id='word_1_126' title='bbox 20 1369 182 1411; x_wconf 82' lang='lat' dir='ltr'><strong>videtur</strong></span> <span class='ocrx_word' id='word_1_127' title='bbox 210 1369 389 1408; x_wconf 87' lang='lat' dir='ltr'><strong>criminis</strong></span> <span class='ocrx_word' id='word_1_128' title='bbox 420 1367 622 1408; x_wconf 81' lang='lat' dir='ltr'><strong>convicto.</strong></span> <span class='ocrx_word' id='word_1_129' title='bbox 686 1367 749 1407; x_wconf 85' lang='lat' dir='ltr'><strong>Ao</strong></span> <span class='ocrx_word' id='word_1_130' title='bbox 777 1378 830 1405; x_wconf 91' lang='lat' dir='ltr'><strong>ne</strong></span> <span class='ocrx_word' id='word_1_131' title='bbox 861 1365 1032 1405; x_wconf 86' lang='lat' dir='ltr'><strong>mortuis</strong></span> <span class='ocrx_word' id='word_1_132' title='bbox 1063 1366 1230 1417; x_wconf 90' lang='lat' dir='ltr'><strong>quidem</strong></span> <span class='ocrx_word' id='word_1_133' title='bbox 1259 1371 1501 1422; x_wconf 87' lang='lat' dir='ltr'><strong>pepercisse</strong></span> 
     </span>
     <span class='ocr_line' id='line_1_17' title="bbox 23 1443 1501 1502; baseline -0.001 -14"><span class='ocrx_word' id='word_1_134' title='bbox 23 1447 173 1489; x_wconf 79' lang='lat' dir='ltr'><strong>decent</strong></span> <span class='ocrx_word' id='word_1_135' title='bbox 198 1460 343 1487; x_wconf 80' lang='lat' dir='ltr'><strong>versus</strong></span> <span class='ocrx_word' id='word_1_136' title='bbox 374 1461 399 1487; x_wconf 88' lang='lat' dir='ltr'><strong>a</strong></span> <span class='ocrx_word' id='word_1_137' title='bbox 427 1447 650 1487; x_wconf 85' lang='lat' dir='ltr'><strong>Plutarcho</strong></span> <span class='ocrx_word' id='word_1_138' title='bbox 683 1446 787 1486; x_wconf 89' lang='lat' dir='ltr'><strong>Cim.</strong></span> <span class='ocrx_word' id='word_1_139' title='bbox 820 1443 873 1484; x_wconf 89' lang='lat'><strong>15</strong></span> <span class='ocrx_word' id='word_1_140' title='bbox 905 1447 946 1484; x_wconf 88' lang='lat' dir='ltr'><strong>et</strong></span> <span class='ocrx_word' id='word_1_141' title='bbox 975 1445 1117 1485; x_wconf 89' lang='lat' dir='ltr'><strong>Schol.</strong></span> <span class='ocrx_word' id='word_1_142' title='bbox 1134 1447 1328 1488; x_wconf 80' lang='lat' dir='ltr'><strong>Aristidis</strong></span> <span class='ocrx_word' id='word_1_143' title='bbox 1358 1463 1398 1502; x_wconf 87' lang='lat' dir='ltr'><strong>p.</strong></span> <span class='ocrx_word' id='word_1_144' title='bbox 1415 1451 1501 1492; x_wconf 87' lang='grc'><strong>515</strong></span> 
     </span>
     <span class='ocr_line' id='line_1_18' title="bbox 23 1524 1501 1579; baseline 0.003 -11"><span class='ocrx_word' id='word_1_145' title='bbox 23 1527 192 1576; x_wconf 78' lang='lat' dir='ltr'><strong>servati,</strong></span> <span class='ocrx_word' id='word_1_146' title='bbox 240 1527 388 1579; x_wconf 87' lang='lat' dir='ltr'><strong>quibus</strong></span> <span class='ocrx_word' id='word_1_147' title='bbox 427 1526 663 1574; x_wconf 84' lang='lat' dir='ltr'><strong>Cimonem,</strong></span> <span class='ocrx_word' id='word_1_148' title='bbox 709 1538 831 1576; x_wconf 88' lang='lat' dir='ltr'><strong>quem</strong></span> <span class='ocrx_word' id='word_1_149' title='bbox 872 1524 1043 1564; x_wconf 87' lang='lat' dir='ltr'><strong>summis</strong></span> <span class='ocrx_word' id='word_1_150' title='bbox 1079 1525 1271 1566; x_wconf 84' lang='lat' dir='ltr'><strong>laudibus</strong></span> <span class='ocrx_word' id='word_1_151' title='bbox 1309 1529 1501 1573; x_wconf 84' lang='lat' dir='ltr'><strong>Cratinus</strong></span> 
     </span>
     <span class='ocr_line' id='line_1_19' title="bbox 24 1604 1502 1656; baseline 0.003 -8"><span class='ocrx_word' id='word_1_152' title='bbox 24 1608 245 1656; x_wconf 79' lang='lat' dir='ltr'><strong>extulerat,</strong></span> <span class='ocrx_word' id='word_1_153' title='bbox 275 1606 560 1646; x_wconf 83' lang='lat' dir='ltr'><strong>crudelissime</strong></span> <span class='ocrx_word' id='word_1_154' title='bbox 589 1604 762 1645; x_wconf 79' lang='lat' dir='ltr'><strong>vexavit.</strong></span> <span class='ocrx_word' id='word_1_155' title='bbox 824 1604 871 1644; x_wconf 84' lang='lat' dir='ltr'><strong>In</strong></span> <span class='ocrx_word' id='word_1_156' title='bbox 900 1607 1013 1644; x_wconf 88' lang='lat' dir='ltr'><strong>tanta</strong></span> <span class='ocrx_word' id='word_1_157' title='bbox 1043 1605 1299 1647; x_wconf 73' lang='lat' dir='ltr'><strong>conviciandi</strong></span> <span class='ocrx_word' id='word_1_158' title='bbox 1328 1609 1502 1652; x_wconf 87' lang='lat' dir='ltr'><strong>libidine</strong></span> 
     </span>
     <span class='ocr_line' id='line_1_20' title="bbox 24 1683 1499 1739; baseline 0.001 -13"><span class='ocrx_word' id='word_1_159' title='bbox 24 1697 106 1726; x_wconf 81' lang='lat' dir='ltr'><strong>non</strong></span> <span class='ocrx_word' id='word_1_160' title='bbox 140 1685 370 1725; x_wconf 88' lang='lat' dir='ltr'><strong>mirandum</strong></span> <span class='ocrx_word' id='word_1_161' title='bbox 409 1689 495 1735; x_wconf 85' lang='lat' dir='ltr'><strong>est,</strong></span> <span class='ocrx_word' id='word_1_162' title='bbox 545 1685 676 1725; x_wconf 87' lang='lat' dir='ltr'><strong>fuisse</strong></span> <span class='ocrx_word' id='word_1_163' title='bbox 712 1684 838 1723; x_wconf 79' lang='lat' dir='ltr'><strong>etiam</strong></span> <span class='ocrx_word' id='word_1_164' title='bbox 876 1683 950 1723; x_wconf 89' lang='lat' dir='ltr'><strong>ubi</strong></span> <span class='ocrx_word' id='word_1_165' title='bbox 988 1696 1043 1724; x_wconf 86' lang='lat' dir='ltr'><strong>ne</strong></span> <span class='ocrx_word' id='word_1_166' title='bbox 1079 1684 1290 1725; x_wconf 85' lang='lat' dir='ltr'><strong>foeditatis</strong></span> <span class='ocrx_word' id='word_1_167' title='bbox 1330 1690 1499 1739; x_wconf 88' lang='lat' dir='ltr'><strong>quidem</strong></span> 
     </span>
     <span class='ocr_line' id='line_1_21' title="bbox 25 1763 1500 1818; baseline 0.003 -12"><span class='ocrx_word' id='word_1_168' title='bbox 25 1763 191 1806; x_wconf 73' lang='lat' dir='ltr'><strong>erimine</strong></span> <span class='ocrx_word' id='word_1_169' title='bbox 217 1766 595 1818; x_wconf 84' lang='lat' dir='ltr'><strong>ingeniosissimum</strong></span> <span class='ocrx_word' id='word_1_170' title='bbox 623 1768 790 1816; x_wconf 89' lang='lat' dir='ltr'><strong>poetam</strong></span> <span class='ocrx_word' id='word_1_171' title='bbox 819 1763 994 1812; x_wconf 85' lang='lat' dir='ltr'><strong>liberes,</strong></span> <span class='ocrx_word' id='word_1_172' title='bbox 1025 1775 1076 1802; x_wconf 81' lang='lat' dir='ltr'><strong>ex</strong></span> <span class='ocrx_word' id='word_1_173' title='bbox 1105 1776 1186 1815; x_wconf 90' lang='lat' dir='ltr'><strong>quo</strong></span> <span class='ocrx_word' id='word_1_174' title='bbox 1215 1778 1372 1816; x_wconf 83' lang='lat' dir='ltr'><strong>genere</strong></span> <span class='ocrx_word' id='word_1_175' title='bbox 1403 1775 1500 1810; x_wconf 87' lang='lat' dir='ltr'><strong>sunt</strong></span> 
     </span>
     <span class='ocr_line' id='line_1_22' title="bbox 27 1843 1497 1898; baseline 0.003 -13"><span class='ocrx_word' id='word_1_176' title='bbox 27 1857 76 1885; x_wconf 79' lang='lat' dir='ltr'><strong>ea</strong></span> <span class='ocrx_word' id='word_1_177' title='bbox 113 1857 216 1898; x_wconf 87' lang='lat' dir='ltr'><strong>quae</strong></span> <span class='ocrx_word' id='word_1_178' title='bbox 251 1845 360 1898; x_wconf 87' lang='lat' dir='ltr'><strong>apud</strong></span> <span class='ocrx_word' id='word_1_179' title='bbox 400 1844 674 1885; x_wconf 83' lang='lat' dir='ltr'><strong>Scholiastam</strong></span> <span class='ocrx_word' id='word_1_180' title='bbox 704 1843 810 1886; x_wconf 85' lang='lat' dir='ltr'><strong>ven.</strong></span> <span class='ocrx_word' id='word_1_181' title='bbox 849 1843 903 1883; x_wconf 88' lang='lat' dir='ltr'><strong>ad</strong></span> <span class='ocrx_word' id='word_1_182' title='bbox 931 1843 1218 1895; x_wconf 85' lang='lat' dir='ltr'><strong>Aristophanis</strong></span> <span class='ocrx_word' id='word_1_183' title='bbox 1255 1845 1354 1888; x_wconf 88' lang='lat' dir='ltr'><strong>Pac.</strong></span> <span class='ocrx_word' id='word_1_184' title='bbox 1385 1849 1497 1891; x_wconf 76' lang='lat'>1142</span> 
     </span>
     <span class='ocr_line' id='line_1_23' title="bbox 24 1923 241 1978; baseline 0.005 -14"><span class='ocrx_word' id='word_1_185' title='bbox 24 1923 241 1978; x_wconf 73' lang='lat' dir='ltr'><strong>leguntur:</strong></span> 
     </span>
     <span class='ocr_line' id='line_1_24' title="bbox 64 1996 1363 2060; baseline 0.002 -18"><span class='ocrx_word' id='word_1_186' title='bbox 64 2023 68 2026; x_wconf 59' lang='lat'>&gt;</span> <span class='ocrx_word' id='word_1_187' title='bbox 132 2001 180 2043; x_wconf 79' lang='grc' dir='ltr'><em>ἐν</em></span> <span class='ocrx_word' id='word_1_188' title='bbox 208 1999 310 2060; x_wconf 74' lang='grc' dir='ltr'><em>τῇδε</em></span> <span class='ocrx_word' id='word_1_189' title='bbox 339 1998 489 2043; x_wconf 83' lang='grc' dir='ltr'><em>τοίνυν</em></span> <span class='ocrx_word' id='word_1_190' title='bbox 518 1999 571 2060; x_wconf 76' lang='grc' dir='ltr'><strong>τῇ</strong></span> <span class='ocrx_word' id='word_1_191' title='bbox 601 1997 726 2042; x_wconf 72' lang='grc' dir='ltr'><strong><em>πόλει</em></strong></span> <span class='ocrx_word' id='word_1_192' title='bbox 755 1998 960 2057; x_wconf 76' lang='grc' dir='ltr'><em>φρουρῶν</em></span> <span class='ocrx_word' id='word_1_193' title='bbox 989 1996 1069 2054; x_wconf 76' lang='grc' dir='ltr'><strong>ἐγώ</strong></span> <span class='ocrx_word' id='word_1_194' title='bbox 1099 1997 1194 2043; x_wconf 75' lang='grc' dir='ltr'><strong>ποτ’</strong></span> <span class='ocrx_word' id='word_1_195' title='bbox 1226 2000 1363 2055; x_wconf 78' lang='grc' dir='ltr'><strong><em>αὐτὸς</em></strong></span> 
     </span>
     <span class='ocr_line' id='line_1_25' title="bbox 133 2077 1438 2139; baseline 0.002 -17"><span class='ocrx_word' id='word_1_196' title='bbox 133 2077 304 2135; x_wconf 63' lang='grc' dir='ltr'><em>γυναῖκ’</em></span> <span class='ocrx_word' id='word_1_197' title='bbox 335 2078 506 2122; x_wconf 77' lang='grc' dir='ltr'><em>ἐκίνουν</em></span> <span class='ocrx_word' id='word_1_198' title='bbox 533 2077 750 2135; x_wconf 80' lang='grc' dir='ltr'><em>κολλύβου</em></span> <span class='ocrx_word' id='word_1_199' title='bbox 778 2081 855 2121; x_wconf 83' lang='grc' dir='ltr'><strong>καὶ</strong></span> <span class='ocrx_word' id='word_1_200' title='bbox 881 2079 1023 2121; x_wconf 81' lang='grc' dir='ltr'><em>παῖδα</em></span> <span class='ocrx_word' id='word_1_201' title='bbox 1051 2083 1128 2123; x_wconf 82' lang='grc' dir='ltr'><strong>καὶ</strong></span> <span class='ocrx_word' id='word_1_202' title='bbox 1156 2083 1356 2139; x_wconf 72' lang='grc' dir='ltr'><em>γέροντα,</em></span> <span class='ocrx_word' id='word_1_203' title='bbox 1431 2111 1438 2116; x_wconf 77' lang='lat'><em>-</em></span> 
     </span>
     <span class='ocr_line' id='line_1_26' title="bbox 132 2155 1297 2218; baseline 0.003 -18"><span class='ocrx_word' id='word_1_204' title='bbox 132 2155 270 2211; x_wconf 75' lang='grc' dir='ltr'><em>κᾶξῆν</em></span> <span class='ocrx_word' id='word_1_205' title='bbox 297 2155 406 2212; x_wconf 77' lang='grc' dir='ltr'><em>ὅλην</em></span> <span class='ocrx_word' id='word_1_206' title='bbox 435 2158 517 2212; x_wconf 75' lang='grc' dir='ltr'><em>τὴν</em></span> <span class='ocrx_word' id='word_1_207' title='bbox 543 2156 714 2216; x_wconf 78' lang='grc' dir='ltr'><em>ἡμέραν</em></span> <span class='ocrx_word' id='word_1_208' title='bbox 742 2158 822 2201; x_wconf 86' lang='grc' dir='ltr'><em>τὸν</em></span> <span class='ocrx_word' id='word_1_209' title='bbox 850 2156 1028 2202; x_wconf 78' lang='grc' dir='ltr'><em>κύσθον</em></span> <span class='ocrx_word' id='word_1_210' title='bbox 1056 2159 1297 2218; x_wconf 78' lang='grc' dir='ltr'><em>ἐκκορίζειν.</em></span> 
     </span>
    </p>
   </div>
   <div class='ocr_carea' id='block_1_3' title="bbox 7 2216 1498 2296">
    <p class='ocr_par' dir='ltr' id='par_1_3' title="bbox 7 2216 1498 2296">
     <span class='ocr_line' id='line_1_27' title="bbox 7 2216 1498 2296; baseline 0.004 -15"><span class='ocrx_word' id='word_1_211' title='bbox 7 2216 143 2293; x_wconf 59' lang='lat' dir='ltr'><strong>&#39;Quae</strong></span> <span class='ocrx_word' id='word_1_212' title='bbox 171 2254 255 2283; x_wconf 88' lang='lat' dir='ltr'><strong>non</strong></span> <span class='ocrx_word' id='word_1_213' title='bbox 295 2243 475 2283; x_wconf 85' lang='lat' dir='ltr'><strong>dubitari</strong></span> <span class='ocrx_word' id='word_1_214' title='bbox 509 2245 650 2295; x_wconf 83' lang='lat' dir='ltr'><strong>potest</strong></span> <span class='ocrx_word' id='word_1_215' title='bbox 678 2242 777 2294; x_wconf 85' lang='lat' dir='ltr'><strong>quin</strong></span> <span class='ocrx_word' id='word_1_216' title='bbox 805 2243 1036 2295; x_wconf 87' lang='lat' dir='ltr'><strong>principem</strong></span> <span class='ocrx_word' id='word_1_217' title='bbox 1065 2243 1245 2296; x_wconf 86' lang='lat' dir='ltr'><strong>aliquem</strong></span> <span class='ocrx_word' id='word_1_218' title='bbox 1274 2244 1407 2286; x_wconf 81' lang='lat' dir='ltr'><strong>virum</strong></span> <span class='ocrx_word' id='word_1_219' title='bbox 1437 2245 1498 2287; x_wconf 89' lang='lat' dir='ltr'><strong>di-</strong></span> 
     </span>
    </p>
   </div>
   <div class='ocr_carea' id='block_1_4' title="bbox 26 2379 290 2390">
    <p class='ocr_par' dir='ltr' id='par_1_4' title="bbox 26 2379 290 2390">
     <span class='ocr_line' id='line_1_28' title="bbox 26 2379 290 2390; baseline 0 0"><span class='ocrx_word' id='word_1_220' title='bbox 26 2379 290 2390; x_wconf 95' lang='lat' dir='ltr'><strong> </strong></span> 
     </span>
    </p>
   </div>
   <div class='ocr_carea' id='block_1_5' title="bbox 90 2476 1498 2763">
    <p class='ocr_par' dir='ltr' id='par_1_5' title="bbox 90 2476 1498 2763">
     <span class='ocr_line' id='line_1_29' title="bbox 90 2476 1497 2539; baseline 0.004 -16"><span class='ocrx_word' id='word_1_221' title='bbox 90 2485 160 2532; x_wconf 65' lang='grc' dir='ltr'><strong>ὅ7)</strong></span> <span class='ocrx_word' id='word_1_222' title='bbox 188 2482 332 2524; x_wconf 84' lang='lat' dir='ltr'><strong>Malim</strong></span> <span class='ocrx_word' id='word_1_223' title='bbox 369 2476 483 2521; x_wconf 82' lang='grc' dir='ltr'><em>πολύ</em></span> <span class='ocrx_word' id='word_1_224' title='bbox 522 2493 568 2533; x_wconf 72' lang='grc' dir='ltr'><strong>γε</strong></span> <span class='ocrx_word' id='word_1_225' title='bbox 604 2479 654 2521; x_wconf 84' lang='grc' dir='ltr'><strong>τὸ</strong></span> <span class='ocrx_word' id='word_1_226' title='bbox 689 2478 894 2537; x_wconf 81' lang='grc' dir='ltr'><em>λοίδορον</em></span> <span class='ocrx_word' id='word_1_227' title='bbox 921 2508 977 2516; x_wconf 88' lang='lat'><strong>--</strong></span> <span class='ocrx_word' id='word_1_228' title='bbox 1006 2481 1224 2539; x_wconf 71' lang='grc' dir='ltr'><em>ἐμφαίνει.</em></span> <span class='ocrx_word' id='word_1_229' title='bbox 1288 2487 1373 2528; x_wconf 89' lang='lat' dir='ltr'><strong>Sed</strong></span> <span class='ocrx_word' id='word_1_230' title='bbox 1410 2487 1497 2528; x_wconf 90' lang='lat' dir='ltr'><strong>for-</strong></span> 
     </span>
     <span class='ocr_line' id='line_1_30' title="bbox 140 2539 1498 2599; baseline 0.003 -20"><span class='ocrx_word' id='word_1_231' title='bbox 140 2545 250 2579; x_wconf 80' lang='lat' dir='ltr'><strong>tasse</strong></span> <span class='ocrx_word' id='word_1_232' title='bbox 277 2543 460 2592; x_wconf 84' lang='lat' dir='ltr'><strong>praestat</strong></span> <span class='ocrx_word' id='word_1_233' title='bbox 488 2539 667 2578; x_wconf 88' lang='lat' dir='ltr'><strong>Dobraei</strong></span> <span class='ocrx_word' id='word_1_234' title='bbox 698 2541 763 2586; x_wconf 86' lang='lat' dir='ltr'><strong>(si</strong></span> <span class='ocrx_word' id='word_1_235' title='bbox 792 2546 906 2581; x_wconf 82' lang='lat' dir='ltr'><strong>recte</strong></span> <span class='ocrx_word' id='word_1_236' title='bbox 936 2543 1130 2593; x_wconf 88' lang='lat' dir='ltr'><strong>memini)</strong></span> <span class='ocrx_word' id='word_1_237' title='bbox 1160 2544 1265 2583; x_wconf 86' lang='lat' dir='ltr'><strong>ratio</strong></span> <span class='ocrx_word' id='word_1_238' title='bbox 1295 2539 1498 2599; x_wconf 65' lang='grc' dir='ltr'><em>ἀποφαί-</em></span> 
     </span>
     <span class='ocr_line' id='line_1_31' title="bbox 141 2596 1496 2653; baseline 0.006 -19"><span class='ocrx_word' id='word_1_239' title='bbox 141 2607 204 2634; x_wconf 69' lang='grc' dir='ltr'><em>νει</em></span> <span class='ocrx_word' id='word_1_240' title='bbox 233 2597 462 2644; x_wconf 85' lang='lat' dir='ltr'><strong>scribentis,</strong></span> <span class='ocrx_word' id='word_1_241' title='bbox 490 2600 536 2634; x_wconf 88' lang='lat' dir='ltr'><strong>ut</strong></span> <span class='ocrx_word' id='word_1_242' title='bbox 555 2596 636 2635; x_wconf 89' lang='lat' dir='ltr'><strong>hoc</strong></span> <span class='ocrx_word' id='word_1_243' title='bbox 655 2597 762 2636; x_wconf 87' lang='lat' dir='ltr'><strong>dicat</strong></span> <span class='ocrx_word' id='word_1_244' title='bbox 775 2599 1028 2650; x_wconf 77' lang='lat' dir='ltr'><strong>Anonymus,</strong></span> <span class='ocrx_word' id='word_1_245' title='bbox 1058 2600 1322 2652; x_wconf 86' lang='lat' dir='ltr'><strong>Eupolidem,</strong></span> <span class='ocrx_word' id='word_1_246' title='bbox 1354 2616 1496 2653; x_wconf 90' lang='lat' dir='ltr'><strong>quam-</strong></span> 
     </span>
     <span class='ocr_line' id='line_1_32' title="bbox 141 2653 1496 2711; baseline 0.005 -18"><span class='ocrx_word' id='word_1_247' title='bbox 141 2665 262 2704; x_wconf 89' lang='lat' dir='ltr'><strong>quam</strong></span> <span class='ocrx_word' id='word_1_248' title='bbox 294 2654 505 2693; x_wconf 86' lang='lat' dir='ltr'><strong>Cratinum</strong></span> <span class='ocrx_word' id='word_1_249' title='bbox 533 2653 783 2702; x_wconf 87' lang='lat' dir='ltr'><strong>imitantem,</strong></span> <span class='ocrx_word' id='word_1_250' title='bbox 821 2655 932 2695; x_wconf 89' lang='lat' dir='ltr'><strong>hunc</strong></span> <span class='ocrx_word' id='word_1_251' title='bbox 960 2660 1098 2696; x_wconf 85' lang='lat' dir='ltr'><strong>tamen</strong></span> <span class='ocrx_word' id='word_1_252' title='bbox 1128 2663 1300 2711; x_wconf 86' lang='lat' dir='ltr'><strong>propter</strong></span> <span class='ocrx_word' id='word_1_253' title='bbox 1329 2659 1496 2700; x_wconf 88' lang='lat' dir='ltr'><strong>nimiam</strong></span> 
     </span>
     <span class='ocr_line' id='line_1_33' title="bbox 139 2709 1126 2763; baseline 0.005 -12"><span class='ocrx_word' id='word_1_254' title='bbox 139 2714 183 2751; x_wconf 88' lang='lat' dir='ltr'><strong>et</strong></span> <span class='ocrx_word' id='word_1_255' title='bbox 210 2710 392 2763; x_wconf 87' lang='lat' dir='ltr'><strong>ineptam</strong></span> <span class='ocrx_word' id='word_1_256' title='bbox 421 2709 676 2752; x_wconf 77' lang='lat' dir='ltr'><strong>conviciandi</strong></span> <span class='ocrx_word' id='word_1_257' title='bbox 704 2711 916 2754; x_wconf 89' lang='lat' dir='ltr'><strong>libidinem</strong></span> <span class='ocrx_word' id='word_1_258' title='bbox 946 2718 1126 2756; x_wconf 82' lang='lat' dir='ltr'><strong>notasse.</strong></span> 
     </span>
    </p>
   </div>
   <div class='ocr_carea' id='block_1_6' title="bbox 0 889 17 2668">
    <p class='ocr_par' dir='ltr' id='par_1_6' title="bbox 0 889 17 2668">
     <span class='ocr_line' id='line_1_34' title="bbox 0 889 17 2668; baseline 0 0"><span class='ocrx_word' id='word_1_259' title='bbox 0 889 17 2668; x_wconf 95' lang='lat' dir='ltr'><strong> </strong></span> 
     </span>
    </p>
   </div>
  </div>
 </body>
</html>
