1702 3190
711 144 860 174 nauco.
1176 96 1182 101 ·
1433 128 1524 172 217

158 249 365 293 muco,
428 248 494 290 De
531 260 584 289 eo
611 246 671 288 ita
699 244 876 287 Suidas:
911 237 1093 287 Λεύκων
1127 238 1305 298 'Aramis
1337 238 1526 297 γεγονώς

44 325 94 373 ἐν
135 327 228 378 τοῖς
268 324 719 376 Πελοποννησιακοῖς.
804 320 903 364 Τῶν
953 317 1195 379 δραμάτων
1244 318 1386 364 αὐτοῦ
1427 321 1525 366 ἐστὶ

43 405 197 450 ταῦτα.
247 403 408 457 ”Ονος,
442 401 747 462 Ἀσκοφόρος,
786 398 1022 460 Φράτορες.
1081 402 1144 442 Ita
1174 403 1253 443 MS
1283 403 1416 445 Paris.
1444 417 1526 459 pro

40 483 219 543 “Λγνός,
251 489 362 542 quod
391 492 528 530 servat
556 485 743 528 Eudocia
772 498 814 538 p.
844 485 942 524 282.
988 481 1216 535 corrigunt
1240 475 1524 535 Ἀγνούσιος.

48 568 270 610 Praestare
298 569 463 609 videtur
481 558 727 617 ‘'Avavog,
759 563 977 617 Hagnonis
1005 562 1132 612 filius,
1168 564 1217 602 ut
1244 563 1376 604 voluit
1405 566 1524 607 Tou-

43 647 140 702 pius
168 647 343 688 Emend.
375 647 394 688 1
431 659 474 700 p.
503 646 602 687 382.
671 644 808 684 Recte
846 647 984 684 autem
1021 645 1215 695 tempore
1252 643 1354 684 belli
1395 644 1522 686 Pelo..

41 726 280 780 ponnesiaci
319 737 414 766 eum
450 724 600 765 vixisse
639 723 788 764 Suidas
825 723 949 773 dicit,
991 722 1197 776 siquidem
1238 722 1521 770 Melambium

39 804 151 846 ridet
185 805 297 858 apud
334 804 597 846 Athenaeum
626 804 728 847 VIII
766 817 807 856 p.
838 803 959 843 3430
998 807 1042 845 et
1079 803 1371 857 Hyperbolum
1407 803 1520 858 apud

39 883 296 937 Hesychium
332 897 373 925 v.
408 877 610 931 Πάαπις.
682 882 805 925 Adde
845 882 958 936 quod
996 880 1218 937 Πρέσβεις
1252 883 1377 924 simul
1424 897 1520 927 cum

38 963 329 1018 Aristophanis
358 963 509 1017 Vespis
538 964 679 1004 docuit
709 963 876 1016 Olymp.
906 961 1126 1004 LXXXIX
1155 964 1182 1003 2
1214 967 1256 1004 et
1286 977 1394 1004 anno
1422 968 1520 1018 post

43 1037 274 1098 Φράτερας
302 1056 397 1085 cum
425 1043 715 1096 Aristophanis
745 1042 856 1083 Pace
885 1044 929 1082 et
956 1042 1177 1096 Eupolidis
1205 1043 1518 1086 Adulatoribus.
1543 1040 1555 1061 “

39 1122 89 1164 ln
116 1127 295 1176 utroque
326 1123 553 1163 certamine
581 1122 730 1163 tertius
759 1121 925 1162 habitus
956 1125 1043 1171 est,
1080 1126 1128 1161 ut
1158 1125 1319 1162 constat
1349 1135 1373 1162 e
1399 1123 1519 1165 dida-

37 1202 173 1244 scaliis
210 1202 445 1243 fabularum
480 1201 894 1255 Aristophanearum.
964 1200 1029 1240 Ex
1072 1198 1230 1241 fabulis
1268 1203 1359 1244 eius
1394 1216 1518 1256 quam

34 1281 171 1335 primo
214 1281 309 1322 loco
357 1282 507 1324 Suidas
552 1283 850 1322 commemorat
883 1273 1024 1327 ’Όνος
1063 1274 1318 1335 ἀσκοφόρος
1366 1283 1517 1332 (unius

36 1361 147 1402 enim
186 1361 257 1402 hic
292 1362 488 1403 dramatis
525 1362 672 1402 titulus
711 1366 795 1410 est,
837 1363 885 1400 ut
921 1359 1025 1399 vidit
1059 1360 1142 1400 iam
1174 1361 1383 1413 Portus),
1423 1349 1517 1404 eius

36 1442 147 1494 quod
176 1445 465 1495 argumentum
493 1442 625 1482 fuisse
653 1440 846 1482 videatur
873 1439 1095 1492 ingeniose
1125 1441 1323 1494 explicuit
1352 1442 1517 1484 Boeck-

34 1520 131 1562 hius
162 1523 389 1564 Oeconom.
417 1523 504 1563 Att.
535 1522 554 1562 Ι
583 1535 625 1574 p.
656 1520 755 1562 347.
797 1519 969 1561 «Dahin
998 1519 1118 1560 leitet
1148 1521 1216 1561 die
1244 1522 1518 1578 Erzaehlung

35 1601 139 1643 «bei
167 1602 379 1642 Zenobius
409 1601 428 1642 1
457 1601 528 1652 74,
558 1600 692 1641 Mich.
721 1600 913 1653 Apostol.
943 1600 984 1640 II
1029 1601 1085 1640 68
1115 1612 1158 1642 u.
1189 1614 1226 1642 a.
1263 1614 1345 1642 von
1377 1603 1515 1645 einem

36 1680 346 1734 «angeblichen
375 1681 540 1722 Bauern
570 1681 756 1721 Leucon.
813 1680 963 1721 Dieser
990 1679 1082 1720 that
1109 1680 1303 1731 nemlich‚
1333 1683 1411 1723 wie
1439 1683 1517 1724 be-

34 1758 245 1813 ‹hauptet
273 1760 388 1811 wird‚
416 1759 812 1815 Honigschlaeuche
842 1760 886 1800 in
900 1760 1186 1813 Tragkoerbe,
1217 1761 1379 1801 worauf
1404 1763 1514 1806 oben

35 1838 223 1881 <Gen-ste
251 1839 340 1894 lag,
377 1841 464 1881 und
492 1840 665 1882 brachte
695 1841 757 1882 sie
786 1838 893 1881 nach
924 1839 1088 1891 Athen,
1128 1853 1189 1880 wo
1221 1854 1270 1880 er
1300 1843 1403 1883 alles
1442 1843 1516 1885 fiir

35 1918 220 1960 ‹Gen-ste
250 1919 426 1972 ausgab:
462 1920 539 1960 der
567 1920 669 1962 Esel
696 1921 794 1973 fiel,
833 1920 903 1960 die
932 1920 1133 1960 Zoellner
1162 1919 1338 1972 fanden,
1369 1923 1514 1966 indem

34 1998 130 2040 «sie
162 1998 250 2040 ihm
284 1998 524 2040 hiilfreiche
558 2000 684 2042 Hand
723 2001 874 2042 leisten
902 2000 1094 2051 wolsten,
1133 1999 1214 2040 den
1245 2002 1389 2057 Honig
1425 2004 1513 2046 und

34 2076 250 2119 «nahmen
286 2078 514 2121 denselben
552 2094 656 2134 weg.
722 2080 850 2121 Diese
881 2079 1136 2121 Geschichte
1173 2079 1234 2121 ist
1272 2095 1381 2123 zwar
1417 2096 1516 2123 ver-

34 2155 277 2196 ‹muthlieh
321 2170 551 2208 ersonnen‚
593 2159 681 2200 und
725 2160 788 2200 sie
834 2159 1071 2213 hegegnete
1107 2160 1274 2200 keinem
1312 2161 1513 2204 Leukon=

36 2231 247 2274 <Leukon
283 2246 370 2275 war
403 2235 471 2276 ein
506 2237 789 2279 Athenischer
825 2238 1026 2279 Komiker
1058 2263 1118 2272 --
1153 2239 1241 2279 und
1277 2239 1396 2281 hatte
1435 2241 1514 2284 des

38 2311 239 2355 «nauem
274 2313 577 2368 Missgeschick
610 2319 654 2359 in
691 2318 832 2360 einem
867 2316 1047 2368 Stiicke,
1081 2312 1223 2368 ’Όνος
1259 2313 1513 2375 ἆσκοφόρος

38 2395 277 2445 ‹genannt‚
312 2393 389 2434 auf
421 2394 490 2436 die
523 2396 674 2439 Biihne
712 2397 964 2452 gebracht.»
1021 2398 1368 2453 Fragmentorum
1406 2401 1510 2443 nihil

38 2475 246 2513 servatum
276 2475 354 2523 est,
382 2477 430 2514 ut
457 2487 539 2516 nec
566 2473 821 2532 Πρέσβεων.
882 2478 1015 2530 Quam
1049 2473 1269 2535 Φράτερες
1297 2481 1510 2534 inscripsit

36 2549 243 2602 fabulam,
295 2565 345 2593 ea
384 2559 583 2596 monente
633 2557 756 2597 etiam
799 2557 1043 2599 easaubono
1095 2559 1148 2600 ad
1205 2559 1360 2602 Athen.
1403 2560 1507 2602 VIII

34 2639 81 2684 p.
107 2630 230 2671 3430
273 2631 407 2672 miuus
444 2638 559 2675 recte
595 2649 619 2676 a
657 2637 786 2677 Suida
821 2640 991 2679 vocatur
1038 2632 1278 2694 Φράτορες.
1355 2640 1508 2692 Neque

38 2708 154 2750 aliter
182 2710 224 2750 in
255 2710 474 2753 didascalia
496 2713 615 2755 Pacis
645 2710 788 2770 τρίτος
816 2709 995 2758 Λεύκων
1019 2713 1287 2774 (hydropem.
1346 2718 1507 2760 Genui-
