1702 3190
0 106 4 127 '
491 122 788 157 normannus
831 121 1068 154 curs-rius.
1426 106 1512 149 465

28 232 274 287 «corrigere
315 229 530 284 possimus
576 226 974 282 Epidicazomenen.
1051 225 1159 268 Nam
1210 224 1258 265 ut
1301 215 1510 272 ἕπὶὃικος,

27 316 233 356 «auctore
262 310 617 364 Harpocratioue,
654 309 718 348 est
745 305 862 359 virgo
900 304 1002 344 orba
1031 303 1084 344 de
1128 316 1209 356 qua
1245 302 1296 342 lis
1333 305 1399 342 est
1443 301 1511 342 eui

25 392 215 434 <debeat
252 391 294 431 in
334 388 638 430 matrimonium
676 384 829 426 locari:
872 383 931 423 ita
967 379 1303 436 ἐπιδικαζομὲνη
1351 385 1416 421 est
1454 381 1510 422 de

23 484 142 525 <qua
178 471 383 511 iudicium
424 469 583 510 factum
622 469 707 506 est:
746 468 788 505 et
827 463 922 503 talis
958 462 1102 514 utique
1137 462 1207 501 hic
1252 475 1275 500 a
1305 461 1508 502 Terentio

22 551 269 594 «inducitur
321 550 577 590 Phanium.»
666 543 879 591 Persuasit
921 540 1136 582 Bentleius
1193 541 1393 590 Sluitero‚
1436 540 1507 593 qui

0 630 156 671 =Lectt.
188 629 347 670 Andoe.
379 630 417 671 V
446 642 488 681 p.
519 627 574 667 93
609 625 717 666 haec
754 623 943 677 scripsit:
1009 619 1294 674 «Apollodori
1327 612 1506 659 Ἐπιδι-

0 705 292 762 ,<<καζόμενος
321 708 417 748 olim
449 706 605 755 extitit,
636 704 799 744 diversa
829 703 880 743 ab
921 697 1310 756 Ἐπιδικαζομένῃ,
1342 712 1393 739 ex
1422 712 1505 752 qua

20 788 349 830 «Phormionem
366 799 484 827 suum
500 784 710 826 transtulit
723 782 970 831 Terentius3
999 782 1106 822 hanc
1124 780 1234 820 enim
1263 779 1505 834 inscriptam

21 865 190 908 «fuisse
215 861 609 919 Ἐπιδικαζομένην
638 863 705 904 vel
740 876 790 903 ex
822 861 1076 903 Terentiana
1105 858 1247 900 fabula
1278 864 1342 900 est
1372 860 1505 901 mani-

19 945 241 996 «festum,
279 958 372 985 cum
410 957 493 986 non
532 943 693 985 iuvenis
723 941 930 996 puellam,
965 941 1040 982 sed
1070 939 1297 990 Phormio,
1336 940 1504 981 nomine

19 1026 235 1080 «puellae,
260 1024 452 1065 iuvenem
478 1023 522 1064 in
551 1023 704 1063 iudicio
735 1021 948 1075 coegerit,
978 1024 1026 1061 ut
1055 1020 1230 1060 duceret
1272 1023 1501 1062 amatam.»

0 1100 243 1146 'Enimvero
283 1106 330 1144 ut
360 1103 520 1143 mittam
549 1102 787 1144 Bentleium
827 1114 911 1142 non
948 1103 1066 1140 recte
1102 1099 1374 1153 interpretari
1403 1096 1502 1140 ἑπι-

19 1179 304 1237 ὃικαζομὲνην
330 1184 564 1237 puellam
603 1183 667 1224 de
706 1195 804 1237 qua
849 1179 1112 1223 iudicium
1153 1177 1360 1220 factum
1398 1182 1503 1231 est,

17 1275 98 1316 quo
129 1275 253 1303 sensu
283 1263 422 1304 nullus
452 1275 636 1316 unquam
667 1263 845 1315 scriptor
872 1259 1001 1302 verbo
1030 1252 1372 1307 ἐπιδικάζεσθαι
1399 1269 1501 1300 usus

18 1349 96 1393 est,
125 1342 225 1382 mihi
255 1341 421 1394 quidem
450 1355 661 1397 nunquam
688 1340 905 1396 probabile
934 1340 1067 1380 visum
1098 1342 1162 1379 est
1192 1338 1499 1392 Apollodorum

19 1422 118 1463 duas
157 1421 341 1471 fabulas,
379 1421 553 1462 alteram
586 1415 955 1474 Ἔπιδικαζομένη
1005 1419 1180 1459 alteram
1216 1410 1502 1466 Ἐπιδικαζό-

20 1512 145 1548 αενος
179 1500 442 1553 inscriptam,
479 1500 693 1551 docuisse,
739 1499 852 1553 quod
891 1512 969 1552 ego
1008 1502 1097 1538 tum
1136 1497 1306 1538 demum
1341 1495 1500 1537 factum

22 1580 205 1629 credam,
235 1579 270 1619 si
299 1592 387 1620 rem
419 1581 610 1633 graviore
640 1592 762 1633 quam
794 1579 946 1619 Donati
976 1578 1047 1631 qui
1076 1577 1215 1618 fertur
1250 1576 1499 1617 auctoritate

22 1660 218 1700 munitam
246 1659 404 1702 videro.
468 1661 628 1702 Eadem
658 1658 813 1700 Kuhnii
853 1657 933 1698 suit
961 1658 1167 1699 sententia
1197 1655 1251 1697 ad
1279 1655 1500 1697 Pollucem

22 1740 56 1782 X
97 1740 194 1789 137,
230 1739 405 1792 probata
443 1739 568 1780 etiam
608 1727 928 1779 Hemsterhusio
972 1737 1026 1779 ad
1054 1737 1094 1778 X
1134 1736 1234 1787 154,
1272 1735 1348 1777 sed
1385 1734 1499 1788 quod

23 1819 130 1860 uidit
157 1819 243 1870 ille,
271 1818 424 1872 prioris
443 1817 609 1859 fabulae
637 1813 1091 1872 (Ἐπιδικαζομένου)
1121 1820 1335 1858 auctorem
1365 1815 1500 1858 fuisse

52 1899 242 1955 iphilum,
284 1899 386 1940 nihil
431 1911 602 1940 caussae
649 1912 746 1940 esse
789 1898 1020 1938 video‘cur
1065 1897 1255 1938 diversos
1297 1899 1495 1937 auctores

17 1961 254 2116 &infudisse
285 1979 490 2020 Donatum
521 1982 763 2019 statuamus.
822 1977 930 2019 Mihi
960 1977 1130 2030 quidem
1159 1980 1386 2028 utrumque
1414 1987 1491 2016 no-

59 2073 111 2103 en
149 2059 287 2100 eidem
322 2058 491 2099 fabulae
520 2058 743 2099 convenire
782 2057 961 2097 videtur.
1023 2049 1419 2108 Ἐπιδικαζόμενον
1460 2055 1496 2096 si

19 2117 228 2203 inscripsit
254 2137 558 2189 Apollodorus,
593 2136 695 2176 fecit
731 2136 815 2176 hoc
852 2138 1025 2188 propter
1062 2134 1386 2185 Phormionem,
1423 2134 1495 2187 qui

1 2215 64 2277 spe
92 2217 310 2267 paternum
339 2213 488 2255 Phanii
517 2214 694 2256 amicum
724 2214 966 2262 simularet,
1003 2213 1183 2266 ideoque
1215 2225 1339 2255 causa
1366 2213 1494 2267 virgi-

0 2282 82 2366 }{ais
111 2296 302 2346 suscepta
328 2293 608 2347 Antiphonem
646 2295 689 2335 in
731 2293 884 2334 iudicio
923 2297 1095 2347 cogeret
1133 2296 1180 2334 ut
1204 2293 1320 2335 illam
1349 2294 1492 2335 matri-

0 2371 160 2430 llnonio
188 2372 267 2412 sibi
296 2373 502 2426 iungeret.
570 2374 714 2427 Itaque
743 2367 941 2414 Phormio
971 2366 1263 2412 ἐπεδικάσατο
1303 2370 1358 2432 τῇ
1392 2372 1491 2415 Φα-

0 2445 99 2505 Ιινὶῳ
142 2446 220 2490 τοῦ
266 2445 588 2507 ’Λντιᾳαῖντος,
642 2453 990 2506 quemadmodum
1029 2446 1371 2502 ἐπιδικάζεσθαι
1411 2451 1492 2493 τοῦ

0 2522 181 2594 μκλήρου
215 2527 302 2570 τινὶ
340 2531 490 2572 dicitur
525 2532 563 2573 is
602 2532 672 2585 qui
713 2531 782 2572 alii
822 2531 1099 2573 hereditatem
1138 2533 1334 2575 vindicat.
1400 2533 1489 2575 Cfr.

0 2619 2 2626 ’
27 2609 171 2662 Meyer
199 2609 252 2649 de
281 2609 403 2651 Proc.
431 2612 555 2653 Attio.
584 2625 626 2664 p.
655 2611 739 2651 462
768 2611 837 2651 56.
895 2611 967 2652 Sin
1006 2608 1396 2666 Ἐπιδικαζομένην
1425 2614 1490 2653 in-

27 2679 213 2741 bcripsit‚
249 2687 293 2728 id
323 2694 494 2742 propter
521 2690 724 2732 Phanium
753 2689 906 2732 fecisse
934 2693 1142 2745 putandus
1173 2697 1259 2743 est,
1289 2705 1397 2745 quae
1425 2691 1488 2732 in-

29 2791 32 2799 *
77 2775 165 2811 nist.
191 2776 264 2811 crit.
290 2777 391 2811 Com.
415 2788 527 2818 graec.
1146 2771 1203 2809 30
