1702 3190
230 153 313 194 842
825 165 1052 192 Pulhll’rus.

231 265 310 305 oile
338 262 578 314 intelligitur
617 261 698 301 tale
728 267 1011 314 argumentum
1042 262 1199 303 mediae
1229 267 1360 317 potius
1398 279 1516 318 quam
1546 281 1670 311 novae

232 339 468 379 comoediae
497 340 735 388 convenire3
774 340 910 391 itaque
939 340 1155 379 videndum
1186 355 1237 381 ne
1266 356 1346 383 non
1377 345 1504 383 altero
1534 345 1672 386 Pollu-

231 419 290 456 cis
326 418 416 456 loco
456 416 819 468 Philippidae,
857 418 929 456 sed
969 417 1075 468 apud
1115 419 1421 460 Antiatticistam
1460 425 1501 460 et
1539 422 1674 473 priore

231 495 322 534 loco
354 495 532 534 Pollucis
572 494 816 545 Philippi
855 507 1002 532 nomen
1039 495 1334 535 restituendum
1372 498 1434 538 sit.
1493 499 1574 538 Sed
1604 511 1676 542 no,-

231 573 301 612 lim
336 574 387 612 in'
415 587 463 612 re
511 577 592 611 tam
640 571 761 610 dubia
800 572 1016 622 quidquam
1064 573 1166 610 certi
1202 575 1484 623 pronunciare.
1549 575 1675 616 Porro

229 651 488 692 Nannium
529 650 646 687 etiam
687 649 727 687 iu
760 648 937 700 Philippi
978 648 1126 687 fabulis
1155 650 1330 689 habitam
1362 651 1490 690 fuisse
1520 666 1543 692 a
1574 666 1683 693 non-1

229 727 372 775 nullis,
413 727 534 765 docet
562 725 798 765 Athenaeus
829 726 926 765 XIII
958 739 997 777 p.
1028 726 1109 764 568
1125 725 1155 773 f,
1191 727 1260 765 ubi
1298 727 1404 767 facta
1432 729 1554 768 huius
1584 730 1692 787 dra-K

229 804 348 844 matis
378 803 582 842 mentione
613 803 845 842 dubitanter
874 803 1005 842 addit:
1035 796 1075 841 εἰ
1094 797 1321 853 Εὐβούλου
1351 802 1399 844 τὸ
1430 804 1576 860 δρᾶμα
1602 805 1676 847 καὶ

228 876 290 933 μὴ
325 875 564 919 Φιλίππου.
632 880 699 919 Sic
738 881 844 919 enim
888 881 943 918 ibi
976 881 1260 932 corrigendum
1290 896 1379 922 esse
1407 897 1481 936 pro
1518 882 1678 924 Φιλιπ-

229 953 363 998 πίδου
398 958 536 997 monui
569 957 707 996 Praef.
739 957 951 997 Menandr.
981 970 1021 1008 p.
1048 957 1085 997 X
1126 958 1246 997 allato
1283 960 1510 1001 Scholiaste
1539 962 1677 1003 Plato-

229 1037 292 1076 nis
320 1036 447 1075 Bekk.
477 1048 517 1086 p.
550 1035 646 1082 331,
684 1047 732 1073 ex
763 1048 841 1085 quo
874 1034 1108 1084 Philippum
1140 1036 1351 1075 nonnullas
1381 1039 1532 1078 Eubuli
1559 1039 1677 1081 fabu-

229 1111 291 1151 las
337 1124 411 1151 suo
452 1112 618 1151 nomine
664 1112 852 1150 docuisse
894 1111 1158 1162 intelligitur:
1207 1109 1430 1152 Φίλιππον
1471 1113 1549 1155 τὸν
1588 1117 1677 1165 τοῖς

228 1184 457 1239 Εὐβούλου
494 1182 714 1242 δράμασιν
750 1182 1090 1239 ἀγωνισάμενον.
1125 1191 1194 1242 ⁶2)
1261 1193 1322 1231 Ex
1353 1193 1497 1234 codem
1524 1209 1676 1247 genere

231 1267 352 1306 etiam
390 1266 672 1306 Daedalum
713 1266 840 1305 fuisse
880 1268 1070 1306 coniicias
1108 1281 1131 1307 e
1161 1269 1389 1310 Themistio
1429 1272 1480 1310 ad
1509 1273 1676 1315 Aristot.

231 1343 282 1383 de
311 1345 454 1383 Anima
486 1346 502 1384 I
534 1346 559 1383 3
588 1358 627 1396 p.
659 1345 739 1383 622
770 1344 862 1384 Ald.
901 1340 1165 1398 Δημόκριτος
1203 1344 1517 1399 παραπλησίως
1544 1347 1688 1402 λέγων

234 1417 441 1476 Φιλίππῳ
477 1419 536 1477 τῷ
572 1418 1032 1476 κωλιιῳδοδιδασκάλῳ·
1073 1423 1181 1475 ([ησὶ
1225 1420 1306 1477 γὰρ
1344 1423 1419 1463 τὸν
1457 1423 1678 1467 Δαίδαλον

231 1498 489 1551 κινουμένην
528 1496 711 1546 ποιῆσαι
749 1495 827 1546 τὴν
858 1495 1031 1548 ξυλίνην
1063 1494 1339 1553 'quob‘irnv
1365 1499 1568 1553 ἑῑχέαντοε
1597 1499 1678 1558 ἄρ-

227 1588 360 1628 γυρον
385 1571 531 1628 χυτόν.
592 1579 705 1627 Quae
736 1578 799 1615 vix
830 1577 1004 1617 dubitari
1035 1584 1169 1630 potest
1200 1580 1296 1630 quin
1327 1592 1375 1618 ex
1406 1581 1547 1620 eadem
1574 1565 1687 1633 D'ae-24

228 1655 322 1694 dalo
369 1656 450 1695 sint
493 1655 687 1703 derivata,
739 1666 858 1704 quam
903 1657 1063 1695 Eubulo
1113 1658 1295 1696 tribuunt
1345 1658 1580 1698 Athenaeus
1621 1659 1691 1711 Vlff·v

229 1745 271 1786 p.
301 1733 423 1772 247a
453 1735 495 1772 et
525 1732 732 1772 Antiattic.
762 1745 802 1783 p.
832 1733 925 1773 108.
987 1734 1207 1774 Praeterea
1238 1735 1472 1786 Philippum
1502 1727 1690 1777 comme-j}

228 1813 390 1849 morant
419 1810 564 1849 Suidas
601 1824 638 1850 v.
669 1804 962 1861 εἶκοσιμῶσαι,
1001 1809 1050 1850 τὸ
1089 1807 1300 1863 ἑπικύψαι
1327 1812 1400 1850 καὶ
1431 1809 1510 1861 τὴν
1538 1799 1691 1880 stu-fib}

227 1886 498 1939 προσθεῖναι
528 1889 629 1941 (leg.
660 1889 903 1940 προτεῖναι)
932 1884 1112 1941 γυμνήν,
1148 1885 1368 1936 Φίλιππος
1415 1895 1456 1930 et
1475 1882 1691 1952 stobaeum}

230 1965 366 2005 Serm.
385 1966 500 2005 LXII
533 1967 600 2014 35,
632 1979 872 2018 quamquam
903 1969 968 2018 qui
999 1969 1053 2006 ibi
1084 1968 1299 2007 laudantur
1317 1968 1495 2021 Philippi
1523 1983 1642 2009 versu
1680 1953 1691 1991 l

229 2042 280 2082 ab
326 2043 471 2082 eodem
517 2045 697 2083 Stobaeo
738 2045 851 2083 LXII
894 2047 921 2085 7
965 2045 1196 2083 tribuuntur
1241 2047 1484 2088 Menandro.
1557 1983 1702 2111 Apu},

229 2120 405 2160 eundem
440 2121 570 2160 Serm.
601 2121 771 2162 cxxw
813 2123 861 2162 21
904 2116 1390 2174 Philippidae‘tribuitur
1416 2125 1484 2163 hic
1512 2109 1690 2168 versane}

228 2192 253 2238 ὁ
283 2193 424 2245 κοινός
461 2191 608 2251 ἰατρός
648 2210 695 2237 σε
725 2194 989 2252 θεραπεύσει
1019 2194 1188 2253 χρόνος.
1257 2202 1338 2241 Ubi
1375 2214 1498 2253 quum
1527 2161 1702 2260 Iemmss

289 2387 359 2436 ⁸²)
389 2386 674 2426 Coniecturam
713 2394 891 2428 nostram
930 2390 973 2428 in
1013 2388 1105 2427 loco
1142 2389 1366 2439 Athenaei,
1401 2378 1702 2431 confi1·matani³'1

340 2454 449 2479 nunc
478 2444 718 2482 auctoritate
748 2446 838 2484 cod.
869 2446 900 2483 B
932 2444 1039 2496 apud
1070 2444 1336 2494 Dindorfim,
1367 2447 1702 2497 haudquaquam·

339 2497 499 2536 idoneis
538 2501 788 2549 argumentis
828 2500 1078 2553 impugnavit
1118 2501 1298 2542 Rankius
1337 2504 1430 2543 Vita
1466 2501 1701 2552 Aristoph„⁴

339 2563 381 2602 p.
412 2553 674 2602 CLXXXVI,
703 2557 772 2606 qui
810 2569 901 2596 cum
941 2556 1040 2595 nihil
1074 2556 1275 2606 impedire
1311 2557 1409 2598 dicit
1437 2570 1517 2610 quo
1546 2557 1701 2597 minus}

342 2606 595 2659 Philippides
625 2612 838 2651 Eubuleae
867 2613 1032 2652 fabulae
1070 2617 1213 2651 auctor
1248 2614 1467 2663 habeatur,
1504 2613 1700 2655 multumt

338 2667 459 2702 errat.
519 2664 606 2704 Cfr.
638 2666 870 2707 Clintonum
901 2670 1013 2709 Fast.
1044 2667 1156 2708 Heli.
1187 2681 1227 2720 p.
1257 2670 1404 2712 XLVI.
1699 2677 1700 2689 ³
