1702 3190
213 195 296 236 198
785 201 1081 233 aarsronmus.

214 307 273 344 sic
300 302 410 343 haud
438 302 539 342 levis
567 303 720 343 residet
750 303 971 351 dubitatio,
1004 303 1092 354 quis
1121 301 1247 342 fuerit
1276 303 1379 341 alter
1406 301 1496 350 ille,
1532 310 1652 353 quem

215 380 360 422 Suidas
405 379 609 432 Apollonii
652 393 930 420 successorem
978 380 1107 419 fuisse
1156 384 1311 428 narrat,
1357 380 1652 430 Aristonymus.

215 458 411 498 Novimus
449 459 750 510 Aristonymum
788 459 1024 509 griphorum
1065 458 1329 497 texendorum
1368 456 1654 495 artificem'in‘-

216 536 355 587 primis
391 535 668 586 ingeniosum,
708 539 814 574 teste
843 534 1055 574 Athenaeo
1094 536 1163 574 lib.
1194 536 1232 574 X
1270 548 1310 586 p.
1340 535 1422 573 452
1437 533 1467 572 f.
1535 532 1656 583 Atqui

217 612 326 650 hunc
371 613 446 650 sub
485 612 713 653 Alexandro
761 613 948 651 floruisse
996 616 1118 662 atque
1162 612 1263 651 adeo
1304 611 1478 663 pessimo
1517 620 1656 648 errore

218 699 309 728 cum
347 691 501 729 comico
539 694 660 742 poeta
697 690 892 729 confundi
929 690 978 727 ab
1010 690 1198 728 Harlesio
1238 690 1289 729 ad
1319 688 1477 728 Fabric.
1508 688 1555 726 B.
1586 686 1656 726 Gr.

219 763 258 805 11
293 776 333 817 p.
364 766 445 804 288
483 767 716 825 planissime
754 779 802 806 ex
832 768 976 806 eodem
1004 767 1215 807 Athenaeo
1251 767 1321 809 lib.
1351 766 1431 805 XlI
1469 778 1510 816 p.
1538 764 1620 802 538
1635 775 1661 806 a.

218 842 472 893 intelligitur.
529 843 724 883 Novimus
754 845 850 883 item
881 844 1062 883 eiusdem
1084 845 1254 884 nominis
1284 844 1522 895 scriptorem
1553 840 1660 892 apud

219 917 484 958 Plutarchum
514 919 565 958 de
595 920 727 960 Flum.
758 934 798 973 p.
830 922 977 960 1165d
1006 921 1226 969 laudatum,
1263 925 1304 961 et
1334 921 1455 959 alium
1485 919 1660 968 denique

219 996 369 1048 passim
413 1010 436 1036 a
479 997 655 1036 Stobaeo
701 998 742 1038 in
788 999 1050 1037 Sermonibus
1093 1002 1466 1036 commemoratum.
1539 994 1663 1046 Atqui

219 1072 354 1113 nullus
383 1073 530 1112 horum
559 1076 844 1125 grammaticae
873 1076 994 1114 laude
1022 1074 1181 1122 floruit,
1217 1079 1262 1112 ut
1303 1073 1473 1112 decebat
1500 1084 1664 1111 succes-

221 1162 355 1188 sorem
386 1150 605 1201 Apollonii.
672 1152 732 1191 Ac
761 1151 905 1189 mirum
936 1151 1148 1203 profecto,
1184 1144 1218 1189 si
1250 1150 1339 1202 quis
1367 1162 1542 1202 unquam
1572 1149 1663 1190 Ari-

220 1230 431 1277 stonymus
459 1228 717 1278 praefectura
746 1229 1018 1268 bibliothecae
1041 1228 1337 1268 Alexandrinae
1367 1232 1532 1267 ornatus
1561 1228 1664 1267 mul-

221 1307 437 1355 torumque
465 1303 662 1344 librorum
692 1311 833 1345 auctor
860 1305 1010 1354 fuerit,
1049 1306 1134 1343 eius
1172 1306 1407 1343 memoriam
1444 1306 1501 1343 ita
1536 1305 1664 1344 inter-

222 1379 369 1419 cidisse
397 1384 443 1419 ut
472 1393 523 1420 ne
551 1386 676 1423 tenue
705 1383 867 1432 quidem
916 1382 1022 1434 apud
1051 1385 1211 1421 veteres
1240 1382 1327 1420 eius
1356 1384 1570 1434 vestigium
1599 1392 1665 1424 re*

223 1456 364 1496 lictum
401 1458 464 1497 sit.
534 1459 610 1498 His
646 1459 869 1499 rationibus
898 1457 1078 1498 adducor
1122 1462 1169 1499 ut
1205 1459 1355 1498 Suidae
1391 1459 1525 1499 locum
1553 1461 1665 1500 luxa-

223 1537 310 1574 tum
340 1545 431 1575 esse
470 1539 513 1575 et
541 1541 635 1575 ante
662 1538 786 1576 verba
816 1531 1122 1587 βασιλεύοντος
1150 1531 1431 1587 Πτολεμαίου
1467 1551 1666 1590 gramma-

223 1612 295 1651 tici
334 1625 483 1652 nomen
518 1614 716 1653 excidisse
752 1618 949 1664 statuam,
995 1616 1036 1654 in
1075 1627 1197 1666 quem
1234 1614 1384 1652 rectius
1428 1615 1666 1655 conveniant

226 1688 322 1738 illa,
361 1684 680 1742 συγγράμματα
721 1687 766 1729 δὲ
810 1685 947 1730 αὐτοῦ
984 1685 1100 1730 πάνυ
1133 1685 1284 1730 πολλοὶ,
1350 1688 1390 1730 Is
1427 1695 1562 1730 autem
1599 1691 1667 1743 qui

225 1765 372 1815 suerit,
410 1778 551 1806 eorum
590 1771 678 1807 erat
713 1780 910 1820 quaerere
948 1769 1016 1822 qui
1053 1768 1105 1808 de
1140 1768 1358 1822 praefectis
1398 1769 1668 1808 bibliothecae

227 1841 525 1884 Alexandrinae
562 1846 786 1896 scripsere,
824 1858 901 1898 qua
939 1847 980 1886 in
1015 1859 1062 1885 re
1099 1847 1356 1898 negligenter
1393 1850 1575 1885 versatus
1605 1851 1668 1887 est

229 1921 386 1960 Ionsius
417 1922 524 1961 Hist.
555 1922 702 1973 Script.
717 1924 824 1963 Phil.
856 1924 873 1962 1
905 1925 970 1971 18,
1000 1924 1273 1975 negligentius
1303 1923 1424 1961 etiam
1456 1923 1535 1963 Iac.
1559 1925 1679 1964 Mat-Jv

228 2002 292 2037 ter
329 1999 510 2038 Histoire
552 1999 603 2037 de
639 2000 784 2039 l'ecole
820 2001 934 2039 Alex.
973 2012 1013 2052 p.
1046 2001 1126 2038 130
1156 2013 1215 2052 sq.
1284 2000 1523 2052 Apollonius
1560 2015 1668 2041 mnr—

228 2078 322 2114 tuus
360 2080 421 2115 est
449 2077 525 2115 sub
555 2076 791 2116 Ptolemaeo
822 2077 1052 2130 Epiphane.
1119 2078 1212 2117 Hoc
1250 2081 1436 2128 tempore
1470 2078 1539 2128 qui
1577 2091 1669 2118 suc*

229 2152 378 2192 cedere
411 2154 450 2192 ei
476 2155 678 2204 potuerit,
715 2155 918 2194 neminem
947 2156 1110 2206 reperio
1140 2155 1216 2193 nisi
1246 2154 1560 2204 Aristophanem
1588 2156 1677 2207 By».

228 2230 428 2278 nantium,
465 2231 533 2282 qui
563 2232 637 2270 sub
668 2232 905 2271 Ptolemaeo
934 2232 1204 2283 Philadelpho
1236 2230 1473 2270 Callimachi
1501 2231 1581 2271 fuit
1604 2225 1682 2275 *dit*

227 2306 427 2357 scipulus,
463 2311 638 2347 aetatem
675 2313 809 2347 autem
849 2309 899 2348 ad
930 2312 1132 2347 extremos
1161 2310 1267 2348 vitae
1303 2308 1504 2348 humanae
1530 2307 1670 2349 termi'ss
1700 2303 1702 2310 ⁴

229 2393 302 2421 nos
330 2384 542 2434 produxit,
584 2387 835 2436 maximeque
876 2387 950 2425 sub
983 2386 1219 2426 Ptolemaeo
1249 2386 1546 2434 Philometore,
1585 2388 1668 2429 Eu·
1695 2411 1697 2415 ·

231 2460 358 2499 menis
389 2461 428 2499 11
457 2463 635 2513 aequali,
665 2464 865 2502 inclaruit.
931 2465 1142 2502 Excidisse
1171 2465 1295 2514 igitur
1324 2463 1482 2501 videtur
1507 2465 1548 2503 in
1579 2461 1668 2507 Sui:
1691 2471 1702 2525 j

231 2534 306 2573 dae
345 2539 479 2578 verbis
516 2550 663 2578 nomen
693 2540 995 2592 Aristophanis,
1032 2542 1098 2580 cui
1135 2541 1298 2591 quidem
1336 2541 1553 2591 suspicioni
1589 2554 1667 2581 non
1690 2538 1702 2580 ι’

231 2613 385 2663 obstat,
422 2616 586 2667 opinor,
623 2616 733 2667 quod
769 2619 848 2657 alio
885 2619 976 2659 loco
1006 2618 1176 2658 seorsim
1203 2618 1258 2657 de
1286 2619 1558 2671 Aristophane
1586 2619 1667 2671 egit
1689 2623 1700 2674 *ξ

1694 2688 1698 2714 1
