1702 3190
206 171 294 216 218
681 182 828 222 nunco-
896 182 1156 227 muraneum,

207 295 302 323 nam
339 281 536 330 formam,
572 280 625 322 de
661 294 742 335 qua
775 281 868 322 vide
904 282 1142 322 Buttmanni
1182 282 1567 326 commentationem
1604 281 1656 323 dc

207 353 403 412 φρατρίᾳ
443 372 485 411 p.
522 359 578 399 33
615 364 656 400 et
692 359 960 400 Schaeferum
989 363 1140 412 Appar.
1170 360 1380 401 Demosth.
1415 361 1453 402 V
1490 373 1531 413 p.
1559 358 1659 410 561,

206 437 249 476 iu
287 441 450 476 nostrae
489 438 652 478 fabulae
689 438 807 476 titulo
845 443 1008 478 servant
1045 417 1280 478 Athenaeus
1317 438 1417 480 V111
1455 450 1496 490 p.
1525 437 1657 478 343c.

208 513 442 565 Hesychius
474 529 507 555 s.
536 530 574 556 v.
603 510 786 562 Πάαπις
815 520 857 555 et
886 517 1058 556 Photius
1086 516 1184 556 Lex.
1215 530 1255 568 p.
1285 516 1368 556 587
1399 516 1453 556 18
1488 510 1655 565 Τίβισις

208 587 365 642 ἔθνος,
404 587 582 632 Λεύκων
620 591 667 633 ἐν
701 589 965 648 Φράτερσιν·
1004 589 1115 647 τάχα
1151 591 1197 632 δὲ
1227 592 1270 632 οἱ
1298 588 1425 632 αὐτοὶ
1461 591 1549 638 τοῖς
1582 589 1659 631 Τι-

207 667 431 724 βαρηνοῖς.
501 671 562 711 Ita
599 673 707 713 enim
736 678 851 713 recte
881 672 1042 724 scripsit
1071 673 1278 712 Porsonus
1314 684 1388 723 pro
1417 665 1585 711 Λευκὸν
1612 665 1659 707 ἐν

212 744 524 801 Φρατέρσεσιν.
580 751 736 791 Eadem
767 751 898 790 forma
925 750 1135 790 reddenda
1163 749 1426 801 Xenophonti
1456 747 1660 788 Hellen.1

207 825 250 865 7.
278 826 321 873 8,
362 827 565 879 Aeschylo
595 829 771 869 Eumen.
801 830 882 868 626
921 833 962 868 et
1003 841 1053 867 ex
1083 827 1291 866 codicibus
1322 827 1482 867 Polluci
1512 826 1572 866 111
1601 826 1657 865 42

208 903 381 955 aliisque
417 904 532 945 locis.
598 906 644 945 In
675 910 844 946 accentu
872 906 1022 959 passim
1053 908 1231 944 erratum
1267 905 1431 953 videas,
1465 908 1510 944 ut
1548 902 1659 956 apud

209 980 396 1033 Etymol.
426 982 488 1023 M.
516 997 557 1035 p.
587 984 669 1022 799
700 984 768 1033 34,
805 985 876 1024 ubi
905 984 1095 1024 scribitur
1123 976 1309 1036 φρατήρ.
1367 982 1658 1035 Paxoxytonon

210 1069 302 1105 csse
342 1060 463 1099 docet
492 1061 754 1101 Theodosius
794 1063 970 1101 Bekkeri
1007 1061 1162 1101 Anecd.
1197 1074 1239 1112 Ρ.
1269 1061 1352 1099 992
1382 1060 1434 1098 11
1472 1056 1559 1097 τῶν
1597 1051 1659 1106 εἰς

209 1139 264 1193 ῆῐ)
287 1133 542 1190 βαρυτόνων
570 1130 656 1177 ὅσα
683 1135 833 1194 μακρᾷ
858 1133 1171 1192 παραλήγεται,
1199 1133 1273 1176 διὰ
1303 1135 1380 1176 τοῦ
1405 1134 1426 1176 Ξ
1453 1132 1659 1188 κλίνεται,

210 1212 434 1274 φράτερος,
465 1211 640 1270 Πίερος.

320 1294 689 1343 METAGENES,
724 1292 1010 1342 Atheniensis,
1047 1293 1154 1333 servi
1192 1293 1325 1342 filius,
1362 1294 1396 1334 si
1431 1293 1581 1334 Suidae
1618 1295 1661 1334 et

209 1374 421 1417 Eudociae
448 1373 566 1413 fides.
624 1373 782 1412 Aetatis
811 1372 1005 1412 indicium
1035 1373 1131 1411 satis
1161 1376 1317 1411 certum
1340 1373 1538 1423 praebent
1556 1385 1661 1424 quae

210 1452 379 1492 tradidit
407 1450 635 1490 Scholiasta
664 1450 847 1489 Platonis
878 1450 1005 1490 Bekk.
1035 1463 1076 1502 p.
1107 1450 1202 1498 332,
1240 1450 1311 1489 ubi
1340 1450 1546 1502 Lyconem
1575 1452 1662 1491 Au-

211 1531 339 1583 tolyci
373 1531 532 1582 patrem
569 1529 623 1568 ab
650 1539 699 1566 eo
729 1529 975 1580 exagitatum
1005 1541 1096 1568 esse
1132 1527 1331 1580 legimus,
1367 1531 1408 1566 et
1435 1528 1662 1568 Scholiasta

211 1607 497 1659 Aristophanis
527 1607 602 1646 Av.
634 1606 758 1655 1297,
794 1607 865 1646 ubi
893 1618 973 1646 una
1005 1619 1097 1645 cum
1126 1605 1400 1657 Aristophane
1429 1605 1665 1658 Phrynicho

212 1690 256 1726 et
284 1685 458 1724 Platone
485 1687 532 1723 ut
560 1684 715 1724 Midiae
743 1685 887 1723 irrisor
916 1689 1269 1725 commemoratur.
1334 1684 1582 1724 Fabularum
1610 1685 1663 1724 ti-

193 1762 291 1803 -tuli
326 1763 522 1815 perpauci
560 1764 708 1802 servati
744 1766 852 1802 sunt.
917 1762 1085 1802 Suidas:
1131 1758 1217 1800 τῶν
1255 1756 1491 1815 δραμάτων
1524 1757 1664 1802 αὐτοῦ

211 1838 305 1881 ἐστι
333 1837 486 1878 ταῦτα.
514 1829 674 1894 Αὖραι,
704 1834 1026 1892 Μαμμάκυθος
1054 1840 1259 1889 (Eudocia
1288 1835 1665 1894 Μαρμάκουθος),

218 1915 558 1970 Θουριοπέρσαι,
610 1913 888 1968 Φιλοθύτης,
926 1910 1115 1971 Ὅμηρος
1152 1917 1364 1966 (Eudocia
1394 1913 1598 1973 Ὁμέρης)
1633 1913 1664 1970 ἢ

208 1991 445 2045 Ἀσκηταί.
513 1996 560 2036 In
597 1996 664 2036 his
701 2010 806 2051 quae
835 1996 966 2048 primo
994 1996 1088 2035 loco
1119 2002 1488 2038 commemorantur
1515 1987 1667 2052 Αὗραι

214 2079 258 2115 et
284 2067 607 2126 Μαμμάκυθος
644 2075 696 2115 ad
733 2075 854 2114 unius
886 2074 1051 2114 fabulae
1089 2074 1252 2114 titulum
1288 2075 1345 2114 ita
1372 2081 1466 2116 sunt
1494 2077 1664 2118 coniun-

214 2153 374 2206 gendae
401 2155 448 2192 ut
475 2153 677 2193 scribatur
705 2140 851 2207 Λῦραι
879 2144 908 2199 ἢ
939 2145 1272 2203 Μαμμάκυθος.
1341 2153 1412 2194 Sic
1447 2155 1555 2196 enim
1586 2169 1665 2196 vo·-
1691 2176 1695 2204 χ

215 2235 331 2272 catur
357 2230 497 2271 fabula
526 2229 634 2283 apud
662 2231 919 2271 Athenaeum
947 2230 1048 2272 Vlll
1076 2243 1118 2282 p.
1148 2229 1231 2270 355
1248 2243 1272 2270 a
1305 2228 1492 2271 ἐπειπών
1529 2229 1578 2271 τὸ
1617 2229 1694 2287 cix-15,

216 2302 549 2361 Μαμμακύθου
575 2301 604 2358 ἢ
632 2304 794 2364 Αὐρῶν
823 2305 1106 2359 Μεταγένους
1140 2301 1354 2360 ἰαμβεῖον.
1417 2290 1695 2363 ΞοιπψιιίιιιηΙ

215 2392 354 2428 tamen
390 2388 521 2428 iniicit
558 2389 661 2428 alius
688 2388 893 2429 Athenaei
926 2387 1042 2427 locus
1070 2385 1172 2426 XIII
1210 2401 1250 2439 p.
1277 2387 1359 2428 571
1381 2388 1407 2428 b
1443 2385 1556 2427 κατὰ
1582 2385 1667 2436 τὰς
1687 2390 1694 2429 ἶῙ

218 2463 498 2517 Μεταγένους
544 2462 699 2521 Αὔρας
744 2460 772 2516 ἢ
822 2462 902 2505 τὸν
952 2459 1277 2519 ’Λρισταγόρου
1321 2462 1690 2519 Μαμμάκυθονμ,

220 2545 336 2596 Quae
366 2545 491 2584 verba
528 2545 589 2584 sic
616 2543 924 2597 interpretanda
952 2548 1161 2596 putatum,
1197 2547 1244 2585 ut
1272 2557 1394 2598 quam
1422 2547 1673 2599 Metagenes

219 2621 404 2662 fabulam
433 2622 508 2660 sub
538 2616 698 2676 Αὐρῶν
725 2623 891 2664 nominc
919 2622 1146 2671 docuisset,
1176 2635 1268 2663 eam
1294 2627 1440 2675 postea
1464 2627 1664 2664 retracta—

219 2699 276 2740 rit
309 2698 566 2753 Aristagoras
604 2704 647 2740 et
681 2695 1010 2754 Μαμμακύθου
1046 2701 1212 2741 nomine
1245 2700 1519 2756 inscripserit,
1558 2712 1664 2752 quae
