1702 3190
655 170 903 200 uomens.
1440 152 1520 193 101

44 280 253 332 spectasse
283 274 408 317 dicas.
467 272 594 314 Certe
608 271 779 313 Titanes
810 265 901 311 ἀπὸ
933 265 1013 309 τοῦ
1042 263 1255 308 τιταίνειν
1283 266 1382 307 dicti
1412 267 1522 307 hane

45 357 322 398 coniecturam
361 353 518 407 optime
555 354 801 391 sustentant,
869 347 1106 401 Hesychius
1139 347 1178 386 11
1216 360 1258 399 p.
1290 347 1402 387 1392
1445 344 1521 385 Τι-

42 429 137 483 τάν,
166 428 190 473 ὁ
218 427 528 487 παιδεραστής,
557 431 628 471 ubi
658 430 803 471 confer
831 429 1062 470 Albertum.
1128 424 1237 466 Vide
1275 426 1454 466 eundem
1484 439 1519 467 s.

43 527 82 554 v.
113 510 273 562 Πᾶνες,
302 517 345 552 et
374 511 570 551 Photium
600 510 700 549 Lex.
732 522 774 561 p.
803 508 887 548 592
917 508 940 546 1
972 499 1226 557 ἐνομίζοντο
1258 500 1305 542 δὲ
1335 502 1408 553 (οἱ
1443 503 1520 545 Τι-

45 590 191 644 τᾶνες)
222 589 308 631 τῶν
336 585 620 644 ΙΙριαπωδιὸν
647 582 784 627 θεῶν.
846 585 1009 626 Omisso
1037 583 1204 623 fabulae
1233 582 1384 623 indicio
1416 584 1519 624 duo·

44 673 119 712 bns
148 673 250 711 locis
278 670 468 709 laudatur
495 666 705 719 Myrtilus,
735 665 830 706 vide
864 663 1100 705 Pollue.VI
1130 663 1186 702 40
1218 667 1261 703 et
1290 663 1517 716 Phrynich.

42 750 132 790 Ecl.
170 750 256 789 Att.
294 758 334 800 p.
365 747 463 787 433.
530 745 727 787 Ceterum
766 744 928 784 fallitur
965 742 1183 783 Fabricius
1220 742 1328 783 Bibl.
1367 742 1440 783 Gr.
1479 741 1519 782 11

40 841 81 882 p.
112 828 193 867 471
234 826 410 866 eundem
439 824 551 864 hunc
580 823 798 876 Myrtilum
829 823 990 862 laudari
1019 827 1172 875 putans
1204 836 1227 861 a
1261 821 1388 861 Suida
1417 834 1450 861 s.
1481 834 1519 861 v.

39 902 257 959 Λήμνιον.
317 905 357 946 Is
387 904 498 944 enim
527 902 750 943 historicus
780 906 843 943 est
873 902 1090 954 Myrtilus,
1125 901 1417 941 Lesbiacorum
1448 911 1520 939 au-

41 991 130 1027 ctor
159 985 412 1033 notissimus,
442 983 494 1022 de
525 995 606 1035 quo
638 982 714 1023 cfr.
744 982 918 1024 Vossius
949 981 1001 1020 de
1030 979 1127 1020 hist.
1160 979 1232 1020 Gr.
1264 979 1326 1019 111
1364 992 1405 1031 p.
1421 977 1519 1018 391.

42 1066 156 1106 Idem
185 1064 384 1117 Myrsilus
413 1067 583 1102 vocatur
612 1062 722 1114 apud
752 1060 962 1102 Plutarch.
995 1060 1048 1099 de
1077 1062 1227 1112 Aquat.
1260 1062 1302 1098 et
1330 1062 1519 1098 terrestr-

38 1158 81 1198 Ρ.
113 1144 196 1184 984
226 1144 276 1192 E,
306 1143 379 1181 ubi
409 1154 514 1193 quae
544 1141 794 1189 afferuntur,
831 1154 881 1180 ex
919 1140 1009 1179 eius
1051 1137 1284 1191 ἱστορικοῖς
1315 1131 1521 1190 παραδό-

40 1222 130 1275 ξοις
159 1223 209 1262 ab
242 1221 456 1262 Athenaeo
487 1219 589 1259 xm
618 1232 660 1272 p.
691 1220 775 1258 610
789 1233 823 1258 a.
850 1218 1026 1258 laudatis
1057 1219 1272 1269 desumpta
1300 1220 1410 1255 sunt.

149 1302 321 1348 Eorum,
352 1299 404 1338 de
434 1298 582 1351 quibus
611 1297 749 1337 adhue
774 1297 1087 1350 disputavimus,
1116 1300 1335 1348 poetarum
1367 1308 1517 1347 aequa-

37 1381 121 1422 lem
150 1379 280 1420 fuisse
309 1379 564 1431 suspicamur
593 1376 963 1424 ALCIMENEM‚
994 1376 1109 1416 ouius
1138 1375 1320 1416 fabulam
1336 1372 1519 1428 Κολυμ-

35 1457 183 1513 »βῶσαι
211 1459 449 1511 inscriptam
480 1470 505 1497 e
534 1456 776 1496 Ptolemaeo
807 1455 1134 1508 Hephaestionis
1163 1455 1521 1496 ficommemorat

39 1538 213 1580 Photius
243 1537 350 1577 Bibl.
381 1536 483 1576 Cod.
517 1535 625 1576 CXC
656 1548 696 1588 p.
727 1534 812 1574 534
831 1534 857 1574 d
894 1525 964 1573 ὅτι
1003 1529 1342 1584 τελευτήσαντος
1371 1531 1521 1585 Δημη-

40 1613 162 1671 τρίου
197 1614 277 1655 τοῦ
318 1610 526 1666 Σκηψίου
566 1609 616 1652 τὸ
654 1609 832 1666 βιβλίον
867 1611 1073 1662 Τέλλιδος
1110 1614 1237 1664 (fort.
1275 1612 1520 1664 Τέλληνος)

41 1693 147 1754 πρὸς
175 1693 228 1753 τῇ
257 1690 426 1750 κεφαλῇ
456 1687 597 1733 αὐτοῦ
623 1687 810 1746 εὑρέθη,
847 1689 926 1740 τὰς
961 1691 1006 1733 δὲ
1037 1688 1350 1746 Κολυμβιόσας
1383 1687 1522 1732 ’Λλκ-

18 1762 203 1832 Ἰμοίνους·
232 1770 340 1830 πρὸς
369 1770 422 1830 τῇ
451 1768 620 1828 κεφαλῇ
654 1770 696 1810 T
693 1767 870 1825 υννίχου
904 1774 974 1824 ⁴⁶)
1005 1770 1084 1812 τοῦ
1117 1770 1372 1820 Χαλκιδέως
1403 1767 1521 1826 εὑρε-

44 1852 187 1906 θῆναί
234 1866 370 1909 ᾳασι,
415 1847 519 1899 τοὺς
565 1846 609 1891 δ’
638 1845 981 1905 ’Υβριστοδίκας
1026 1847 1276 1900 Εὐπόλιδος
1322 1847 1431 1906 πρὸς
1467 1849 1521 1908 τῇ

38 1930 304 1990 Ἐφιάλτου,
340 1929 443 1980 τοὺς
480 1930 525 1971 δὲ
555 1926 771 1977 Εὐνείδας
800 1927 1028 1984 Κρατίνου
1067 1928 1177 1985 πρὸς
1214 1930 1268 1990 τῇ
1301 1926 1520 1982 Ἀλεξάν-

41 2011 159 2069 δρου.
219 2015 301 2054 Ubi
332 2015 570 2065 corruptum
592 2005 878 2063 ν’Λλκμάνους
895 2024 1045 2050 nomen
1077 2025 1160 2052 non
1188 2013 1231 2052 in
1258 2005 1516 2063 Ἀλκμαίω.

41 2106 133 2145 νος,
171 2097 218 2134 ut
246 2093 377 2133 voluit
406 2092 650 2132 Welckerus
680 2092 846 2143 Fragm.
878 2090 1009 2130 Alcm.
1042 2105 1082 2142 p.
1114 2093 1152 2139 9,
1181 2092 1255 2132 sed
1283 2092 1330 2131 in
1364 2085 1519 2130 Ἀλκι-

40 2174 193 2228 μένους
231 2171 472 2213 mutandum
512 2184 604 2210 esse
643 2170 767 2209 docet
796 2169 944 2209 Suidas
982 2184 1015 2210 s.
1045 2184 1083 2210 v.
1119 2165 1385 2222 Ἀλκιμένης
1416 2171 1467 2210 Τ.
1501 2171 1519 2209 1

0 2289 1 2292 ,
40 2268 81 2307 p.
112 2254 194 2293 117
227 2247 320 2291 ἔστι
349 2247 394 2289 δὲ
424 2247 499 2288 καὶ
530 2246 670 2302 ἕτερος
702 2243 971 2298 Ἀλκιμένης
1004 2243 1284 2297 Ἀθηναῖος,
1314 2245 1514 2300 κωμικός.

43 2331 150 2372 Illud
177 2333 316 2370 autem
344 2329 555 2369 verissime
585 2328 743 2367 monuit
774 2326 1037 2375 Welckcmm,
1078 2340 1177 2379 quas
1215 2328 1327 2367 idem
1355 2329 1517 2388 Sumus,

41 2411 128 2450 sive
159 2421 234 2448 suo
262 2408 393 2460 ipsius
423 2407 509 2446 sive
540 2406 714 2445 aliorum
748 2418 891 2444 errore
921 2406 1141 2458 deceptus,
1170 2407 1358 2448 Alcmani
1386 2407 1516 2460 lyrico

43 2485 185 2526 tribuit
214 2481 535 2539 Κολυμβιόσας,
580 2498 663 2525 nou
694 2474 876 2525 diversas
905 2485 1106 2538 putanda-s
1136 2499 1226 2527 esse
1256 2487 1306 2527 ab
1336 2488 1388 2528 iis
1418 2501 1517 2540 quas

102 2676 174 2726 ⁴⁶)
205 2677 266 2717 lta
297 2679 486 2719 Valesius
516 2684 558 2720 et
587 2679 768 2720 Naekius
799 2679 949 2720 Choer.
989 2693 1030 2733 p.
1062 2681 1131 2721 39.
1205 2680 1341 2732 Vulgo
1381 2678 1515 2717 Τιτω-

141 2727 298 2786 νύχου,
328 2748 404 2788 pro
436 2749 515 2788 quo
546 2738 725 2777 Bekkeri
757 2737 886 2777 codex
916 2736 1042 2778 habet
1077 2733 1331 2790 Τυροιίχου.
