1702 3190
669 141 856 170 nunonis.
1422 131 1503 172 119

62 259 72 285 -,
112 258 113 261 “
144 239 206 280 De
235 251 287 280 ea
315 251 437 292 quam
467 235 656 288 Βάπτας
684 242 892 294 inscripsit
927 241 1066 281 fabula
1097 243 1378 284 memorabilis
1407 244 1502 285 Pla-

32 317 133 358 tonii
170 318 286 359 locus
326 323 390 358 est
426 319 479 358 de
517 320 634 360 Com.
675 333 716 372 p.
747 319 927 360 XXXIII
959 320 1071 372 Lips.
1112 318 1238 372 ἴσμεν
1275 320 1383 373 γοῦν
1423 320 1503 362 τὸν

30 390 226 435 Εὔπολιν
253 394 326 436 ἐπὶ
357 395 416 452 τῷ
445 392 625 448 διδάξαι
653 393 755 444 τοὺς
782 392 971 453 Βάπτας
1001 391 1303 450 ἀποπνιγέντα
1331 395 1392 448 εἰς
1421 399 1502 451 τὴν

29 469 275 516 θάλασσαν
303 471 370 516 ὑπ’
404 473 577 515 ἐκείνων
603 470 664 524 εἷς
692 470 768 523 οὓς
791 473 965 524 καθῆκε
996 472 1045 514 τὸ
1075 473 1238 529 δρᾶμα.
1296 481 1378 531 Qui
1407 481 1500 521 fue-

31 554 111 596 rint
140 555 169 595 ii
209 555 250 595 in
281 568 384 608 quos
413 556 518 595 hanc
554 555 736 595 fabulam
765 555 931 608 scripsit
960 559 1103 607 poeta,
1134 561 1301 609 praeter
1330 559 1499 600 Cicero-

30 647 125 675 nem
161 635 337 686 Epistol.
376 634 428 674 ad
462 634 587 674 Attio.
616 633 675 674 VI
722 634 743 672 1
790 633 912 674 docet
951 634 1210 675 Themistius
1249 637 1366 677 Orat.
1397 637 1498 678 VIII

27 724 71 764 Ρ.
100 712 183 751 110
211 712 259 752 Β.
286 706 577 763 Ἀλκιβιάδης
606 706 653 750 δὲ
683 705 708 750 ὁ
738 707 947 751 Κλεινίου
970 713 1047 752 καὶ
1077 711 1219 753 ταῦτα
1251 713 1498 769 στρατηγὸς

32 782 96 833 ὠν
134 785 306 845 αἱρετὸς
339 785 418 843 οὐχ
453 782 592 837 οὕτως
629 784 1019 844 ἀπεμνημόνευσεν
1054 787 1274 832 Lindum
1314 792 1375 833 τῶ
1412 808 1499 833 κω-

24 863 397 924 μωδοδιδασκαλῳ
434 865 537 921 τοίς
570 864 782 919 Βάπτας,
824 874 868 911 et
908 870 1139 910 Scholiasta
1181 872 1323 912 Iuven.
1356 873 1396 913 11
1426 874 1496 913 92.

25 948 213 1000 <Baptae
250 961 351 1002 ergo
388 948 556 999 molles,
600 962 681 1002 quo
723 949 844 990 titulo
881 950 1057 1002 Eupolis
1095 950 1354 990 comoediam
1394 953 1496 991 scri-

25 1028 164 1081 «psit,
204 1028 257 1068 ob
287 1039 408 1080 quam
437 1028 489 1067 ab
517 1027 756 1076 Alcibiade,
793 1040 917 1080 quem
956 1029 1145 1082 inprimis
1182 1030 1495 1082 perstrinxerat,

24 1110 230 1148 «necatus
268 1111 382 1146 est.»
452 1107 568 1159 Quae
607 1111 816 1160 postrema
845 1107 1073 1159 paullulum
1115 1107 1330 1147 immutata
1361 1112 1403 1148 et
1431 1110 1494 1148 in-

22 1185 130 1238 signi
173 1185 450 1225 additamento
496 1189 617 1226 aucta
660 1185 872 1238 Georgius
908 1185 1027 1227 Valla
1070 1185 1127 1224 ita
1166 1186 1355 1226 exhibet:
1403 1188 1494 1226 «ob

21 1275 177 1316 <quam
212 1263 446 1304 Alcibiades
482 1288 538 1296 -—
575 1264 714 1304 necuit
751 1264 886 1316 ipsum
933 1263 975 1302 in
1015 1276 1130 1303 mare
1165 1265 1492 1317 praecipitando,

22 1342 218 1391 «dicens,
256 1345 303 1382 ut
341 1346 386 1382 tu
424 1355 494 1383 me
527 1343 571 1384 iu
599 1343 773 1383 theatris
803 1341 1087 1392 madefecisti,
1125 1354 1235 1383 nunc
1266 1356 1344 1396 ego
1374 1348 1419 1383 te
1448 1345 1491 1385 in

21 1421 155 1463 «mari
196 1421 518 1462 madefaciam.»
585 1424 702 1475 Quae
725 1421 887 1463 vallam
919 1433 970 1461 ex
999 1420 1228 1474 integriore
1258 1422 1491 1463 Scholiasta

21 1499 228 1549 hausisse,
270 1501 496 1553 probabilis
526 1505 591 1542 est
620 1502 858 1542 coniectura
886 1501 1127 1540 Buttmanni
1155 1501 1207 1540 de
1238 1501 1377 1541 Sacris
1407 1502 1488 1542 Co-

18 1579 147 1632 tymis
174 1579 218 1619 iu
248 1579 495 1632 Mythologo
517 1580 599 1619 vol.
631 1579 671 1620 11
701 1593 744 1632 p.
774 1579 871 1628 159,
902 1591 1150 1631 quamquam
1179 1580 1287 1619 nihil
1316 1580 1488 1632 impedit

19 1658 233 1710 quominus
275 1670 324 1698 ea
361 1657 523 1699 Vanam
560 1670 611 1698 ex
646 1657 880 1698 Scholiasta
932 1658 1011 1698 MS
1071 1659 1263 1698 Aristidis
1298 1661 1369 1710 65)
1411 1660 1487 1699 du-

0 1735 124 1783 fnisse
159 1739 408 1787 statuamus,
446 1737 563 1777 cuius
597 1736 709 1777 hunc
745 1737 882 1777 locum
925 1750 949 1776 e
979 1737 1124 1776 codice
1152 1738 1326 1789 protulit
1357 1740 1491 1778 Creu-

18 1816 136 1855 ierus
165 1815 216 1855 ad
247 1816 457 1856 Plotinum
487 1815 541 1855 de
570 1815 709 1855 Pulcr.
750 1827 793 1868 p.
822 1815 907 1855 465
944 1813 1237 1869 κωμῳδηθεὶς
1274 1818 1486 1865 (Alcibia-

18 1894 118 1946 des)
165 1889 286 1948 παρὰ
323 1887 574 1941 Εὐπόλιδος
611 1889 792 1949 ἔρριψεν
830 1891 966 1935 αὐτὸν
1010 1892 1057 1935 ἑν
1092 1891 1147 1952 τῇ
1184 1891 1395 1951 θαλάττῃ
1433 1923 1487 1929 -

17 1965 170 2012 ἐπιόν·

96 2045 272 2099 Βάπτες
298 2044 342 2104 μ’
375 2048 422 2090 ἐν
448 2048 714 2107 θνμέλῃσιν,
743 2046 821 2103 ἐγώ
855 2048 902 2090 δέ
932 2063 980 2090 σε
1010 2048 1176 2106 κύμασι
1206 2048 1373 2092 πόντου

31 2106 55 2117 ⁶*
236 2126 458 2183 βαπτίζων
485 2124 624 2170 ὀλέσω
652 2123 822 2184 νάμασι
850 2129 1133 2185 πικροτέροις.

16 2206 85 2249 Sic
113 2208 221 2248 enim
250 2209 473 2262 legendum
502 2222 579 2262 pro
611 2204 750 2260 βάπτε
787 2221 841 2260 με
878 2207 926 2247 ἐν
958 2208 1223 2262 θυμέλῃσιν.
1292 2211 1480 2262 Denique

15 2286 209 2326 Libaniu·
246 2287 356 2339 apud
392 2287 636 2327 cramerum
672 2287 828 2328 Anecd.
869 2287 926 2328 IV
964 2301 1006 2340 Ρ.
1051 2287 1137 2327 158
1183 2282 1388 2327 ἀπολύων
1433 2288 1480 2328 δὲ

15 2363 296 2413 (Alcibiadem
334 2365 460 2416 dicit)
495 2365 684 2418 συνεχεῖς
726 2358 870 2418 ὕβρεις
906 2364 982 2404 καὶ
1021 2362 1122 2412 τοὺς
1157 2363 1244 2406 τῶν
1281 2361 1477 2416 πενήτων

19 2438 419 2496 προπηλακισμούς,
449 2439 528 2482 τὸν
564 2437 861 2499 Ἀγάθαρχον
891 2438 968 2483 τόν
997 2441 1240 2498 δεδεμένον,
1269 2443 1370 2494 τοὺς
1398 2443 1479 2486 ἄλ-

16 2517 138 2572 λους,
178 2515 284 2576 ὑπὲρ
311 2511 374 2561 ὦν
401 2519 586 2576 ἑροῦμαι
614 2523 744 2576 (lege
771 2520 1014 2577 αἱροῦμαι)
1043 2521 1228 2566 σιωπᾶν.
1293 2522 1347 2565 Τι’
1378 2522 1477 2565 τοῦ-

55 2649 149 2729 >⁰⁵)
179 2677 286 2719 vide
315 2692 422 2719 nunc
452 2681 672 2722 Aristidem
704 2681 905 2722 nindorfii
934 2681 1014 2722 von.
1048 2681 1107 2723 111
1137 2696 1176 2736 p.
1210 2684 1306 2725 444.
