1702 3190
686 155 870 185 susamo.
1478 141 1536 183 25

53 258 250 309 inclusae,
281 256 447 298 easdem
478 256 602 297 etiam
633 256 876 310 quibusdam
905 258 1244 308 argumentorum
1273 254 1426 296 finibus
1455 254 1536 296 cir-

55 337 321 390 cumscriptas
349 337 480 377 fuisse
510 336 726 390 probabile
756 339 832 385 est,
862 335 921 374 ita
949 337 1087 373 tamen
1116 337 1163 373 ut
1192 334 1282 385 ipsa
1310 334 1382 375 illa
1412 346 1537 388 argu-

54 419 194 456 menta
222 429 358 468 neque
388 415 652 455 artificiosius
691 414 923 467 excogitata
960 424 1097 464 neque
1125 411 1177 451 ad
1206 415 1366 452 certum
1404 413 1535 454 actio-

54 494 119 534 nis
149 496 276 534 finem
310 495 465 534 directa
494 494 625 534 fuisse
656 495 887 534 videantur.
954 493 1044 544 Qua
1080 491 1122 530 in
1152 503 1200 530 re
1232 504 1315 531 non
1344 503 1428 532 uno
1459 492 1535 533 sed

0 563 4 652 Ι
54 572 243 626 pluribus
272 575 480 614 actoribus
509 585 629 613 usum
659 586 751 613 esse
781 571 1071 620 Susarionem,
1110 570 1264 610 indicat
1292 572 1536 625 Anonymus

0 653 3 706 ξ
54 651 108 691 de
124 652 240 692 Com.
257 666 298 704 p.
316 652 477 692 XXXII
505 649 548 690 οἱ
577 649 676 706 περὶ
702 646 996 705 Σουσαρίωνα
1015 650 1084 702 ¹2)
1113 643 1170 687 τὰ
1198 644 1416 705 πρόσωπα
1445 644 1537 690 εἶσ-

0 707 2 786 ξ
52 726 162 782 ἦγον
190 724 405 780 ἀτάκτως,
447 731 595 782 quibus
627 731 776 771 deinde
802 730 1015 771 Cratinum
1045 730 1236 782 opponit,
1277 730 1348 781 qui
1376 729 1535 782 primus

0 787 1 806 χ
56 810 239 849 omnium
268 805 324 848 τὰ
351 805 398 847 ἐν
427 806 482 864 τῇ
509 804 719 864 κωμῳδίᾳ
735 805 952 863 πρόσωπα
971 807 1094 862 μέχρι
1117 805 1248 863 τριῶν
1276 807 1532 858 κατέστησε.

53 888 170 940 Quae
199 888 234 928 si
263 901 361 928 vera
390 891 500 938 sunt,
532 888 722 942 profecto
752 889 795 929 in
816 889 1011 942 plaustris
1044 888 1137 928 illas
1168 888 1404 928 comoedias
1433 888 1533 928 acti-

52 967 158 1006 tatas
195 979 288 1007 esse
327 980 473 1020 parum
511 967 709 1008 credibile
750 971 834 1018 est,
886 979 995 1020 quae
1035 968 1216 1007 Bentleii
1250 967 1332 1007 suit
1378 967 1533 1019 opinio,

53 1044 324 1097 Arundeliani
353 1045 543 1086 lacunam
578 1048 795 1087 marmoris
830 1047 994 1099 Epoch.
1024 1046 1094 1087 54.
1125 1045 1181 1086 55
1220 1047 1278 1086 ita
1307 1059 1359 1086 ex
1390 1046 1532 1086 conie-

54 1127 171 1163 ctura
208 1125 466 1177 supplentis:
496 1119 572 1179 ἀφ’
604 1115 658 1165 οὗ
686 1123 733 1165 ἐν
763 1112 956 1175 ἀπήναὶς
984 1120 1212 1180 κωμῳδίαι
1241 1122 1533 1180 ἐφορὲθησαν

55 1201 157 1254 (sic)
187 1196 274 1241 ὑπὸ
303 1199 392 1241 τῶν
415 1197 653 1256 Ἰκαριέων,
685 1199 887 1258 εὑρόντος
913 1198 1226 1258 Σουσαρίωνος
1261 1204 1345 1255 ι3).
1404 1203 1533 1244 Cuius

51 1280 204 1321 rationi
233 1282 358 1323 etiam
383 1282 468 1322 hoc
496 1284 645 1333 obstat,
677 1284 787 1337 quod
816 1285 1002 1336 plaustra
1030 1282 1125 1332 illa,
1154 1281 1235 1321 nisi
1261 1282 1334 1322 ubi
1364 1281 1417 1321 de
1446 1286 1532 1322 tra-

52 1360 226 1413 goediae
264 1362 425 1414 origine
464 1363 622 1415 agitur,
661 1376 686 1402 a
721 1364 888 1403 nemine
923 1375 1103 1416 unquam
1143 1363 1534 1402 commemorantur.

53 1439 249 1490 Quamvis
276 1440 403 1493 igitur
433 1441 666 1482 Susarionis
696 1446 868 1483 conatus
905 1442 1091 1502 scenicos
1129 1454 1212 1481 non
1243 1441 1347 1480 adeo
1376 1440 1533 1492 imper-

51 1515 187 1557 fectos
215 1517 346 1559 fuisse
374 1524 581 1572 putamus,
612 1526 658 1562 ut
687 1523 812 1575 vulgo
843 1522 1040 1571 creditur,
1069 1519 1137 1560 vel
1160 1520 1219 1560 sic
1238 1524 1377 1560 tamen
1401 1522 1533 1560 totam

54 1595 143 1635 eius
181 1596 382 1637 rationem
421 1598 642 1640 admodum
680 1602 829 1641 rudem
864 1604 907 1642 et
943 1601 1195 1652 incomptam
1231 1598 1361 1639 fuisse
1395 1611 1533 1651 neque

53 1674 199 1726 populi
243 1687 454 1717 assensum
491 1678 661 1729 tulisse,
700 1681 768 1721 vel
805 1680 909 1720 illud
955 1680 1204 1719 documento
1249 1692 1341 1719 esse
1379 1681 1533 1732 potest,

55 1752 168 1805 quod
195 1753 392 1806 proximis
422 1757 629 1810 octoginta
666 1762 761 1810 post
789 1758 1056 1799 Susarionem
1095 1758 1214 1796 annis
1251 1757 1356 1797 adeo
1387 1758 1534 1797 obmu-

53 1832 134 1871 tuit
171 1833 411 1884 comoedia,
452 1839 498 1875 ut
536 1837 638 1876 nihil
676 1837 898 1890 quidquam
934 1837 988 1877 de
1017 1848 1149 1875 novae
1178 1835 1277 1875 artis
1306 1847 1534 1889 progressu

47 1914 96 1952 et
130 1911 396 1952 incrementis
433 1914 669 1966 audiamus,
728 1917 854 1956 immo
892 1929 946 1956 ne
983 1929 1135 1956 nomen
1175 1914 1343 1967 quidem
1380 1918 1534 1968 poetae

53 1991 124 2045 qui
151 1992 201 2054 in-
225 1991 374 2033 eodem
402 2005 559 2046 genere
596 1995 821 2037 elaborarit
858 2009 882 2036 a
910 1997 1086 2037 vetustis
1116 1994 1388 2048 scriptoribus
1418 2006 1533 2034 com-

87 2195 157 2247 ¹²)
189 2194 326 2248 Vulgo
343 2195 807 2255 legiturzavvvpiwva,
839 2214 946 2254 quae
966 2215 1034 2241 res
1049 2200 1293 2241 casaubono
1311 2197 1363 2236 ad
1378 2196 1533 2239 Athen.

165 2252 246 2292 VII
278 2267 316 2304 p.
335 2254 451 2293 286c
480 2256 584 2296 adeo
614 2258 831 2310 imposuit,
859 2264 907 2299 ut
930 2259 1245 2310 Sannyrionem,
1277 2255 1459 2306 Philyllii
1490 2259 1534 2295 et

167 2307 376 2348 Strattidis
407 2314 648 2364 aequalem,
688 2316 880 2367 antiquae
910 2315 1151 2355 comoediae
1180 2316 1397 2365 poetarum
1428 2311 1535 2350 anti-

168 2365 407 2415 quissimum
431 2368 600 2410 diceret.
661 2372 893 2423 Susarionis
916 2385 1067 2411 nomen
1097 2370 1280 2411 restituit
1307 2368 1388 2407 iam
1405 2367 1534 2407 Pear-

165 2433 292 2460 nonus
322 2421 483 2466 Vindio.
514 2427 903 2480 Pseudo-Ignat.ll,
925 2429 965 2469 1.
1026 2428 1142 2467 Idem
1173 2438 1292 2466 error
1321 2425 1430 2478 apud
1459 2424 1534 2465 Al-

166 2477 298 2529 ciphr.
327 2478 460 2531 Epist.
482 2483 556 2532 ΙΙΙ,
586 2484 643 2524 55
673 2486 740 2525 cll.
771 2487 930 2526 Aelian.
960 2485 1058 2527 Var.
1089 2485 1199 2524 Hist.
1230 2482 1347 2530 XIII,
1378 2481 1447 2521 15.

19 2538 30 2545 ”
88 2531 157 2584 ¹³)
185 2534 577 2598 Boecldlius-Corp.
606 2542 735 2582 Inscr.
766 2543 806 2583 11
836 2543 990 2596 p.‚301
1022 2542 1160 2581 locum
1188 2541 1246 2580 ita
1274 2540 1532 2591 redintegra-

165 2590 248 2639 Vit’
285 2588 362 2644 “q''
395 2592 449 2634 Οὐ
484 2594 531 2635 ἐν
570 2593 832 2651 Ἀθ[ήν]αις
870 2597 1106 2655 κωμῳ[ὄῶν
1137 2594 1299 2650 χο]ρ[ὀς
1330 2592 1532 2649 ηὑρ]έθη,

167 2646 470 2708 [utmockvsrwv
505 2651 656 2707 αὐτὸν]
696 2654 785 2696 τῶν
818 2652 1066 2713 Ἰκαριεων,
1113 2652 1316 2711 εὑρόντος
1353 2652 1531 2693 Σουσα-

168 2715 335 2755 ριωνος.
