1702 3190
209 175 295 219 280
573 183 625 210 ns
654 182 810 209 nemas:
841 181 1075 209 comnenus
1106 182 1272 212 innota.

209 275 427 336 ὕμνησαν,
464 279 538 323 καὶ
574 274 855 326 ’Λπόλλωνος
885 277 1029 332 ἕτεροι,
1064 279 1139 320 καὶ
1171 276 1374 329 Ἀλκαῖος
1404 277 1649 334 ἹΙφαίστου

207 357 288 399 καὶ
317 353 449 397 πάλιν
478 352 664 411 Ἑρμοῦ,
701 357 775 398 καὶ
803 354 931 396 τοῦτο
961 352 1306 409 ἀποτετμήμεθα
1335 356 1383 398 τὸ
1420 356 1559 411 μέρος.
1614 361 1652 400 A

207 437 377 488 tragicis
417 437 545 488 poetis
586 437 681 475 talia
722 449 888 487 prorsus
919 436 1048 475 aliena
1089 436 1349 475 existimanda
1389 440 1502 484 sunt3
1543 436 1651 487 quod

212 514 324 553 enim
361 514 506 554 Suidas
541 515 621 553 vol.
651 514 710 552 lII
749 527 789 565 p.
817 514 899 576 424
934 514 976 551 in
1016 513 1254 551 Timesithei
1287 513 1476 552 dramatis
1513 500 1664 561 Ζηνὸς>

212 587 343 642 γονὰς
373 592 564 639 nominat,
594 605 642 629 ex
672 604 810 630 errore
837 595 974 629 natum
1005 603 1096 629 esse
1120 590 1316 641 suspicor.
1381 589 1551 628 Minime
1579 602 1650 629 au-

213 671 298 706 tem
342 668 538 707 eiusmodi
576 673 811 719 argumenta
851 669 1140 719 aspernabatur
1169 668 1412 715 mchestica,
1454 679 1573 717 quam
1608 667 1650 706 in

211 757 302 784 rem
332 746 480 783 afferre
508 744 687 783 sufficiat
717 745 884 783 Luciani
921 745 1079 793 locum,
1110 758 1159 783 ex
1185 757 1263 795 quo
1295 745 1398 783 lovis
1428 744 1580 782 natales
1608 744 1651 783 in

212 834 336 861 scena
371 822 537 860 saltatus
573 821 700 860 fuisse
738 822 1000 872 intelligitur,
1041 822 1092 861 dc
1121 823 1262 862 saltat.
1292 823 1347 860 80
1384 834 1424 872 p.
1455 821 1529 858 31]
1574 815 1652 866 τὰς

206 894 315 944 ’Διὸς
349 895 478 949 γονὰς
517 892 770 950 ὀρχούμενός
810 909 874 945 τις
912 897 986 936 καὶ
1021 895 1101 946 τὴν
1138 897 1214 938 τοῦ
1243 893 1415 950 Κρόνου
1444 907 1653 951 τεκνοφα-

207 971 316 1027 γίαν
342 976 604 1029 παρωρχεῖτο
642 970 718 1021 τὰς
752 971 944 1014 Θυέστου
972 973 1199 1030 συμφοράς
1237 972 1297 1030 τῷ
1324 970 1459 1029 ὁμοίῳ
1488 987 1654 1027 παρηγ-

209 1051 353 1104 μένος.
414 1054 502 1094 Cfr.
531 1054 627 1094 ibid.
656 1054 710 1092 37
742 1056 783 1091 et
811 1053 879 1094 50.
945 1053 1028 1092 Seu
1066 1054 1169 1092 haec
1207 1052 1258 1091 ad
1287 1053 1442 1090 seriora
1471 1055 1654 1103 spectant

210 1134 417 1181 tempora3
453 1131 632 1182 pictores
662 1132 798 1168 autem
827 1142 879 1169 ne
909 1130 1203 1168 florentissimis
1232 1129 1395 1180 quidem
1425 1130 1521 1168 artis
1550 1133 1652 1169 tem-

207 1207 379 1258 poribus
415 1208 464 1246 ab
502 1206 701 1246 eiusmodi
737 1207 985 1258 argumentis
1023 1208 1306 1257 abhorruisse,
1355 1207 1576 1246 Ctesilochi
1612 1210 1653 1246 et

211 1285 424 1324 Cleanthis
446 1285 643 1324 Corinthii
672 1284 855 1334 exempla
885 1285 1044 1333 docent,
1077 1298 1248 1336 quorum
1277 1285 1359 1333 ille,
1389 1290 1434 1324 ut
1452 1284 1573 1324 Plinii
1598 1284 1653 1324 H.

210 1362 264 1401 N.
280 1362 434 1402 XXXV
463 1363 544 1400 140
573 1365 706 1403 verbis
735 1367 838 1412 utar,
868 1362 1137 1414 petulanti
1167 1363 1671 1423 picturainnotuit„

211 1438 333 1477 Iove
363 1439 600 1478 Liberum
630 1442 964 1491 parturiente
994 1440 1205 1478 mitrato
1236 1444 1290 1478 et
1319 1440 1654 1479 muliebriter

210 1516 600 1568 ingemiscente
632 1518 776 1557 inter
812 1517 1130 1557 obstetricia
1166 1516 1382 1557 dearum.
1444 1517 1653 1556 Cleanthis

211 1595 392 1634 tabulam
423 1587 634 1641 Ἀθηνᾶς
661 1591 787 1645 γοναί
818 1595 966 1634 dictam
1005 1595 1047 1632 in
1077 1594 1230 1632 Dianae
1259 1594 1515 1645 Alpheoniae
1553 1597 1655 1632 tem-

209 1673 283 1726 plo
308 1676 599 1711 commemorat
628 1671 772 1710 Strabo
803 1670 903 1711 VIII
933 1671 957 1710 l
997 1671 1050 1709 12
1088 1667 1133 1707 ἐν
1169 1667 1213 1708 δὲ
1244 1667 1301 1724 τῷ
1329 1666 1406 1718 τῆς
1436 1663 1658 1721 Ἀλᾳει-ω-

214 1746 315 1795 σίας
345 1745 440 1802 ἱερῷ
469 1746 638 1801 γραᾳαὶ
667 1742 931 1793 Κλεάνθους
964 1759 1007 1786 τε
1037 1745 1112 1786 καὶ
1148 1741 1434 1800 ’Λρήγοντος,
1472 1744 1551 1785 τοῦ
1577 1747 1657 1798 μὲν

219 1822 380 1879 Τροίας
408 1817 567 1872 ἅλωσις
595 1824 668 1864 καὶ
701 1819 910 1873 Ἀθηνᾶς
946 1821 1084 1876 γοναί,
1123 1822 1200 1863 τοῦ
1237 1819 1513 1876 δ”Ἀρτεμις
1549 1817 1658 1862 ἀνα-

214 1901 428 1958 φερομένη
467 1901 537 1942 ἐπὶ
572 1897 744 1956 γρυπὸς.
819 1903 1002 1942 Eandem
1038 1902 1289 1941 Demetrium
1335 1901 1547 1952 Scepsium
1591 1913 1657 1939 se·
1696 1923 1702 1945 ;

213 1987 365 2033 quutus
404 1983 460 2020 ita
497 1982 689 2021 describit
725 1981 961 2022 Athenaeus
999 1980 1098 2021 VIII
1135 1992 1177 2030 p.
1207 1979 1327 2017 3460
1364 1967 1466 2016 οἶδα
1503 1975 1549 2015 δὲ
1582 1975 1658 2016 καὶ

208 2054 296 2106 ’τὴν
331 2055 377 2096 ἐν
406 2055 458 2114 τῇ
484 2053 698 2097 Πισάτιδι
733 2053 908 2111 γραφὴν
944 2050 1230 2108 ἀνακειμένην
1264 2053 1311 2096 ἐν
1347 2052 1406 2110 τῷ
1437 2051 1514 2103 τῆς
1546 2048 1656 2094 Ἀλ-

326 2236 517 2290 Σεμέλης
542 2234 649 2277 ώδίν
676 2239 894 2291 inscripto,
927 2238 969 2277 in
1006 2248 1086 2288 quo
1127 2247 1245 2287 quam
1282 2234 1475 2275 indecore
1517 2238 1656 2286 partu-

1690 2050 1702 2061 '2

1684 2155 1702 2198 :³

1682 2205 1702 2263 ,ι’

327 2296 470 2334 rientis
498 2295 686 2335 Semelae
723 2296 895 2334 eiulatus
925 2293 1170 2355 expresserit
1199 2292 1319 2330 docet
1347 2291 1566 2330 Stratonici
1595 2291 1699 2351 ‘¹³3'

329 2354 459 2399 ctum,
500 2352 568 2410 qui
605 2347 849 2396 ἐπακούσας
884 2361 961 2396 της
996 2343 1176 2392 ’.Ωδινος
1213 2344 1288 2394 τῆς
1331 2344 1577 2408 Ίίμοθέουι,
1617 2357 1656 2383 ει
1689 2349 1697 2399 [-

328 2401 377 2444 δ’
395 2401 643 2468 ἐρὶποὶαβον,
675 2403 770 2459 ἔφη
804 2402 935 2444 ἐτικτε
964 2399 1119 2453 καὶμὴ
1142 2397 1266 2450 θεὸν,
1297 2398 1427 2446 ποίας
1453 2395 1507 2438 ἂν
1536 2396 1656 2452 ἠφίει

330 2456 491 2513 φωνάς,
518 2462 625 2511 apud
654 2463 908 2502 Athenaeum
939 2459 1039 2500 VIII
1069 2471 1109 2509 p.
1139 2457 1271 2497 352³.
1337 2457 1450 2494 Idem
1493 2468 1656 2495 carmen
1681 2453 1694 2497 ς’

327 2517 477 2566 respici
505 2517 666 2556 videtur
694 2532 717 2556 a
747 2518 878 2556 Dione
906 2515 1117 2565 chrysost.
1148 2514 1259 2552 Orat.
1289 2512 1343 2550 77
1372 2523 1414 2563 p.
1442 2512 1526 2551 426
1554 2511 1654 2550 Rsk.

324 2572 394 2610 uhi
409 2571 698 2612 Alcmaeonem
723 2573 917 2611 habemus
936 2575 1149 2619 unamque
1180 2568 1347 2606 buccam
1377 2568 1510 2606 aureis
1539 2578 1655 2605 num-

327 2627 402 2666 mis
438 2627 675 2678 implentem
714 2633 755 2667 et
783 2627 962 2679 speciem
1001 2624 1263 2676 praebentem
1308 2617 1542 2667 αὐλοῦντος
1575 2616 1655 2666 τὴν

328 2679 403 2729 τῆς
430 2679 484 2719 Σι
475 2679 620 2732 μέλη,
645 2679 823 2721 ’.(ὶδῖνα.
