1702 3190
162 174 258 216 284
540 183 593 213 DE
623 185 780 213 uuum«
813 185 1046 218 ΩΟΒΙΟΕΙΠΔΕ
1077 188 1244 216 lunone.

171 283 405 332 Nicostrati,
436 282 579 324 Phaon
610 262 871 336 Antiphanis,
904 284 1155 326 Philoctetes
1184 286 1380 335 eiusdem,
1410 286 1615 330 Pirithous

170 362 488 413 Aristophontis,
518 362 688 414 Priapus
709 362 928 410 Xenarchi,
959 362 1173 402 Proetides
1189 363 1424 415 Theophili,
1454 364 1615 406 Procris

169 441 349 488 Eubuli,
394 439 642 479 Protesilaus
679 440 992 487 Auaxandridis,
1031 440 1174 480 Sciron
1212 442 1414 489 Alexidis,
1453 443 1616 483 Semele

169 518 338 566 Eubuli,
368 517 535 568 Septem
566 521 706 556 contra
737 518 903 557 Thebas
925 517 1106 556 Alexidis
1137 522 1177 556 et
1202 519 1426 570 Amphidis,
1458 520 1615 560 Tereus

168 594 463 637 Anaxandridis
494 598 535 633 et
564 595 811 643 Philetaeri,
841 595 1007 634 Titanes
1038 595 1203 643 Eubuli,
1235 595 1494 648 Trophonius
1520 597 1617 636 Ale-

167 673 287 720 xidis,
318 672 543 723 Thamyras
573 672 827 723 Antiphanis,
859 673 1043 711 Theseus
1072 674 1366 712 Anaxandridis
1396 661 1437 712 et
1467 674 1615 712 Anaxi·
1691 692 1693 704 ι

166 750 253 798 lae,
284 749 525 802 Tyndareus
556 750 734 789 Alexidis
766 755 807 788 et
837 750 1021 802 Sophili,
1050 750 1191 789 Ulixes
1221 751 1373 790 Eubuli
1401 751 1614 803 Amphidis

166 827 349 870 Alexidis
379 831 420 864 et
448 827 756 875 Anaxandridis,
785 827 948 866 Xuthus
977 828 1142 867 Eubuli.

277 904 370 944 Non
401 904 535 942 omnia
564 905 796 943 enumeravi
826 904 898 943 sed
929 917 1032 955 quae
1060 904 1169 944 forte
1196 903 1238 943 in
1256 907 1447 956 promptu
1477 907 1612 954 erant3

1695 468 1702 562 '1

1700 564 1702 611 J

166 980 276 1033 quod
311 981 406 1019 ideo
444 993 592 1020 moneo
633 995 685 1021 ne
723 982 811 1032 quis
842 994 961 1020 unam
991 982 1211 1021 alteramve
1247 981 1427 1034 fabulam
1455 982 1613 1021 inscitia
1698 977 1702 1066 J

166 1059 356 1098 omissam
396 1059 647 1097 criminetur.
714 1059 934 1098 Praeterea
963 1073 1060 1098 vero
1093 1060 1231 1098 eidem
1256 1059 1378 1098 aetati
1405 1059 1612 1110 assignan-
1688 1052 1689 1114 J

163 1135 243 1175 dae
271 1136 411 1176 Alcaei
444 1136 612 1175 Callisto
643 1135 875 1187 Endymion
913 1137 1192 1187 Ganymedes,
1230 1136 1479 1188 Aristonymi
1515 1136 1625 1188 Iup*
1685 1139 1689 1237 J

1685 1240 1688 1263 ς

161 1215 272 1267 piter
299 1213 456 1265 frigens
487 1218 528 1252 et
558 1213 762 1261 Theseus,
799 1214 1066 1253 Aristomenis
1095 1214 1293 1254 Admetus
1323 1218 1366 1254 et
1393 1214 1615 1264 Dionysus,

160 1291 445 1343 Aristophanis
474 1290 718 1331 Aeolosicon
749 1291 923 1330 Cocalus
952 1291 1109 1339 Plutus,
1139 1292 1335 1343 Archippi
1365 1291 1610 1342 Amphitruo
1670 1311 1681 1347 v1

161 1375 205 1411 et
233 1370 458 1418 Hercules,
499 1368 794 1420 Apollophanis
824 1369 982 1417 Danae,
1021 1369 1172 1408 Dioclis
1208 1370 1412 1418 Bacchae,
1455 1368 1610 1408 Calliae
1682 1273 1688 1438 J

159 1449 350 1490 Atalante
380 1451 422 1486 et
453 1448 666 1498 Cyclopes,
698 1446 894 1485 canthari
924 1446 1104 1494 Tereus,
1136 1447 1406 1498 Cephisodoti
1435 1448 1608 1486 Amazo-
1678 1434 1679 1442 ἵ

158 1539 247 1574 nes,
277 1524 494 1576 Euthyclis
523 1525 722 1572 Atalmte,
753 1523 919 1575 Lysippi
942 1523 1141 1570 Bacchae,
1171 1523 1409 1563 Nicocharis
1439 1524 1607 1563 Galatea

159 1604 366 1645 Hercules
395 1604 623 1653 Amymone
653 1605 695 1640 et
724 1603 965 1650 Centaurus,
997 1600 1266 1652 Mcophontis
1287 1601 1441 1641 Adonis
1471 1604 1512 1639 et
1541 1601 1606 1639 Si·
1668 1610 1675 1654 J

157 1694 302 1729 renes,
340 1680 523 1719 Platonis
562 1679 714 1718 Adonis
753 1679 954 1718 Daedalus
983 1679 1149 1729 Europa
1181 1679 1385 1729 Cercopes
1415 1677 1605 1729 Gryphes

159 1759 345 1811 luppiter
382 1757 628 1797 contumelia
664 1757 836 1796 affectus
868 1758 912 1795 10
945 1757 1064 1796 Laius
1096 1756 1308 1812 Menelaus
1339 1755 1474 1804 Phao,
1506 1755 1604 1794 Phi-
1644 1735 1674 1800 ›J-VJ

154 1838 260 1891 lyllii
289 1838 453 1888 Aegeus
482 1835 670 1874 Atalante
691 1836 808 1886 Auge
825 1835 984 1873 Helena
1009 1834 1209 1872 Hercules
1233 1833 1444 1881 Nausicaa,
1473 1832 1603 1872 Strat-
1637 1816 1647 1833 ”

155 1918 253 1956 tidis
290 1915 478 1955 Atalante
515 1912 667 1953 Medea
706 1913 869 1952 Troilus
908 1912 1158 1950 Philoctetes
1190 1911 1463 1962 Chrysippus,
1500 1910 1603 1950 San·
1636 1960 1638 1963 Ι

153 1993 335 2047 nyrionis
366 1994 503 2032 Danae
534 1991 578 2031 Io
609 1995 650 2030 et
680 1991 773 2038 Ino,
805 1989 1064 2040 Theopompi
1094 1989 1291 2029 Admetus
1319 1988 1493 2028 Althaea
1522 1987 1603 2026 Pe·
1668 2015 1669 2018 η

153 2074 304 2124 nelope
333 2071 477 2111 Ulixes
507 2069 686 2117 Sirenes,
718 2072 760 2107 et
789 2068 893 2106 aliae
921 2067 1098 2105 fortasse
1127 2066 1313 2106 aliorum.
1370 2066 1461 2104 Hae
1491 2065 1601 2105 enim
1633 2067 1667 2126 ᾖ

151 2150 329 2190 fabulae*
361 2149 585 2200 pleraeque
625 2158 766 2185 omnes
804 2145 853 2183 ab
891 2145 941 2183 iis
977 2145 1165 2196 antiquae
1203 2132 1438 2183 comoediae
1468 2142 1599 2193 poetis
1630 2139 1667 2191 {2

153 2228 403 2280 compositae
432 2228 539 2273 sunt,
569 2236 671 2276 quos
694 2224 815 2261 vitam
833 2222 938 2262 ultra
962 2223 1266 2273 nonagesimam
1286 2224 1440 2260 sextam
1469 2220 1599 2271 olym·
1616 2201 1645 2279 J„

148 2305 312 2358 piadem
351 2303 591 2357 produxisse
629 2301 799 2340 maxima
836 2303 897 2339 est
934 2299 1125 2351 suspicio.
1193 2298 1279 2338 efr.
1308 2298 1516 2338 Platonius
1546 2297 1599 2337 de
1614 2314 1634 2363 ᾗ
1663 2318 1672 2371 J

149 2382 284 2423 differ.
316 2394 420 2421 com.
449 2394 489 2433 p.
519 2379 674 2419 XXXV
714 2375 896 2416 τοιαῦτα
933 2373 980 2415 δὲ
1019 2371 1223 2430 δράματα
1250 2373 1325 2414 καὶ
1352 2372 1399 2412 ἐν
1428 2372 1480 2429 τῇ
1508 2387 1598 2413 πα-
1619 2390 1627 2415 3.

146 2456 254 2513 λαιᾷ
281 2454 489 2512 κωμῳδίᾳ
517 2453 636 2496 ἔστιν
663 2451 813 2510 εὑρεῖν,
843 2447 952 2508 ἅπερ
981 2452 1231 2493 τελευταῖον
1259 2447 1477 2504 ἐδιδάχθη
1506 2449 1622 2509 λοι-»ΞΙ
1660 2436 1668 2515 J

147 2532 233 2577 πὸν
275 2534 351 2584 τῆς
390 2529 639 2588 ὀλιγαρχίας
684 2528 1019 2587 κρατυνθείσης.
1094 2530 1413 2572 Florentissimis
1458 2532 1594 2569 nutem
1662 2523 1667 2603 J

146 2614 339 2666 antiquae
378 2614 614 2653 comoediae
652 2612 902 2664 temporibus
938 2609 1143 2650 rarissime
1179 2613 1326 2661 poetae
1364 2607 1593 2648 comoedia·-
1660 2622 1685 2675 J

144 2703 237 2732 rum
266 2703 429 2732 suarum
460 2694 698 2744 argumenta
733 2704 756 2730 a
784 2692 906 2730 rebus
924 2688 1113 2741 mythicis
1141 2687 1357 2735 duxerunt,
1386 2697 1486 2737 quos
1517 2682 1590 2724 etsi
1656 2684 1663 2767 J
