<?xml version="1.0" encoding="UTF-8"?>
<!DOCTYPE html PUBLIC "-//W3C//DTD XHTML 1.0 Transitional//EN"
    "http://www.w3.org/TR/xhtml1/DTD/xhtml1-transitional.dtd">
<html xmlns="http://www.w3.org/1999/xhtml" xml:lang="en" lang="en">
 <head>
  <title>
</title>
<meta http-equiv="Content-Type" content="text/html;charset=utf-8" />
  <meta name='ocr-system' content='tesseract 3.04.00' />
  <meta name='ocr-capabilities' content='ocr_page ocr_carea ocr_par ocr_line ocrx_word'/>
</head>
<body>
  <div class='ocr_page' id='page_1' title='image "./fragmentacomicor01meinuoft_0519.png"; bbox 0 0 1702 3190; ppageno 0'>
   <div class='ocr_carea' id='block_1_1' title="bbox 583 155 1482 205">
    <p class='ocr_par' dir='ltr' id='par_1_1' title="bbox 583 155 1482 205">
     <span class='ocr_line' id='line_1_1' title="bbox 583 155 1482 205; baseline -0.004 -2"><span class='ocrx_word' id='word_1_1' title='bbox 583 161 868 205; x_wconf 70' lang='lat' dir='ltr'><strong>xrcomcn‘ua,</strong></span> <span class='ocrx_word' id='word_1_2' title='bbox 1393 155 1482 200; x_wconf 68' lang='lat'><strong>497·</strong></span> 
     </span>
    </p>
   </div>
   <div class='ocr_carea' id='block_1_2' title="bbox 0 269 1491 2633">
    <p class='ocr_par' dir='ltr' id='par_1_2' title="bbox 0 269 1491 2633">
     <span class='ocr_line' id='line_1_2' title="bbox 5 269 1483 333; baseline -0.017 -1"><span class='ocrx_word' id='word_1_3' title='bbox 5 286 134 331; x_wconf 69' lang='lat' dir='ltr'><strong>nent</strong></span> <span class='ocrx_word' id='word_1_4' title='bbox 159 279 332 326; x_wconf 72' lang='lat' dir='ltr'><strong>miscell.</strong></span> <span class='ocrx_word' id='word_1_5' title='bbox 364 278 383 321; x_wconf 86' lang='lat'>1</span> <span class='ocrx_word' id='word_1_6' title='bbox 424 291 466 333; x_wconf 77' lang='lat' dir='ltr'><strong>p.</strong></span> <span class='ocrx_word' id='word_1_7' title='bbox 495 277 538 328; x_wconf 83' lang='lat'><strong>8,</strong></span> <span class='ocrx_word' id='word_1_8' title='bbox 575 290 658 331; x_wconf 82' lang='lat' dir='ltr'><strong>qua</strong></span> <span class='ocrx_word' id='word_1_9' title='bbox 692 276 737 318; x_wconf 82' lang='lat' dir='ltr'><strong>in</strong></span> <span class='ocrx_word' id='word_1_10' title='bbox 777 287 826 317; x_wconf 86' lang='lat' dir='ltr'><strong>re</strong></span> <span class='ocrx_word' id='word_1_11' title='bbox 862 272 1157 315; x_wconf 73' lang='lat' dir='ltr'><strong>assentientem</strong></span> <span class='ocrx_word' id='word_1_12' title='bbox 1191 269 1320 314; x_wconf 85' lang='lat' dir='ltr'><strong>habui</strong></span> <span class='ocrx_word' id='word_1_13' title='bbox 1347 269 1483 314; x_wconf 67' lang='lat' dir='ltr'><strong>Ber-n,</strong></span> 
     </span>
     <span class='ocr_line' id='line_1_3' title="bbox 6 351 1478 413; baseline -0.011 -6"><span class='ocrx_word' id='word_1_14' title='bbox 6 365 195 413; x_wconf 62' lang='lat' dir='ltr'><strong>badium</strong></span> <span class='ocrx_word' id='word_1_15' title='bbox 223 363 276 403; x_wconf 87' lang='lat' dir='ltr'><strong>ad</strong></span> <span class='ocrx_word' id='word_1_16' title='bbox 304 360 474 403; x_wconf 85' lang='lat' dir='ltr'><strong>Suidam</strong></span> <span class='ocrx_word' id='word_1_17' title='bbox 504 358 543 399; x_wconf 90' lang='lat'><strong>11</strong></span> <span class='ocrx_word' id='word_1_18' title='bbox 573 371 615 411; x_wconf 88' lang='lat' dir='ltr'><strong>p.</strong></span> <span class='ocrx_word' id='word_1_19' title='bbox 646 356 743 397; x_wconf 85' lang='grc'><strong>989.</strong></span> <span class='ocrx_word' id='word_1_20' title='bbox 783 354 906 408; x_wconf 75' lang='lat' dir='ltr'><strong>Quod</strong></span> <span class='ocrx_word' id='word_1_21' title='bbox 934 359 1074 395; x_wconf 87' lang='lat' dir='ltr'><strong>autem</strong></span> <span class='ocrx_word' id='word_1_22' title='bbox 1104 352 1350 394; x_wconf 77' lang='lat' dir='ltr'><strong>Welckerus</strong></span> <span class='ocrx_word' id='word_1_23' title='bbox 1378 351 1478 392; x_wconf 81' lang='lat' dir='ltr'><strong>Tri-</strong></span> 
     </span>
     <span class='ocr_line' id='line_1_4' title="bbox 7 421 1483 500; baseline -0.011 -13"><span class='ocrx_word' id='word_1_24' title='bbox 7 446 91 500; x_wconf 68' lang='lat' dir='ltr'><strong>log.</strong></span> <span class='ocrx_word' id='word_1_25' title='bbox 128 457 170 498; x_wconf 86' lang='lat' dir='ltr'><strong>p.</strong></span> <span class='ocrx_word' id='word_1_26' title='bbox 198 443 283 484; x_wconf 83' lang='lat'><strong>500</strong></span> <span class='ocrx_word' id='word_1_27' title='bbox 331 454 382 482; x_wconf 80' lang='lat' dir='ltr'><strong>ex</strong></span> <span class='ocrx_word' id='word_1_28' title='bbox 416 438 563 480; x_wconf 91' lang='lat' dir='ltr'><strong>eodem</strong></span> <span class='ocrx_word' id='word_1_29' title='bbox 604 435 732 477; x_wconf 89' lang='lat' dir='ltr'><strong>Suida</strong></span> <span class='ocrx_word' id='word_1_30' title='bbox 786 434 910 475; x_wconf 83' lang='lat' dir='ltr'><strong>etiam</strong></span> <span class='ocrx_word' id='word_1_31' title='bbox 961 421 1200 488; x_wconf 75' lang='grc' dir='ltr'><strong>Τριλογιάν</strong></span> <span class='ocrx_word' id='word_1_32' title='bbox 1237 429 1483 473; x_wconf 80' lang='lat' dir='ltr'><strong>Nicomachi</strong></span> 
     </span>
     <span class='ocr_line' id='line_1_5' title="bbox 6 510 1482 571; baseline -0.012 -3"><span class='ocrx_word' id='word_1_33' title='bbox 6 525 139 571; x_wconf 76' lang='lat' dir='ltr'><strong>nostri</strong></span> <span class='ocrx_word' id='word_1_34' title='bbox 179 522 329 564; x_wconf 84' lang='lat' dir='ltr'><strong>fabulis</strong></span> <span class='ocrx_word' id='word_1_35' title='bbox 365 518 585 566; x_wconf 78' lang='lat' dir='ltr'><strong>adscribit,</strong></span> <span class='ocrx_word' id='word_1_36' title='bbox 632 514 770 569; x_wconf 91' lang='lat' dir='ltr'><strong>paullo</strong></span> <span class='ocrx_word' id='word_1_37' title='bbox 824 513 995 554; x_wconf 79' lang='lat' dir='ltr'><strong>calidius</strong></span> <span class='ocrx_word' id='word_1_38' title='bbox 1040 511 1197 552; x_wconf 82' lang='lat' dir='ltr'><strong>factum</strong></span> <span class='ocrx_word' id='word_1_39' title='bbox 1234 510 1482 564; x_wconf 83' lang='lat' dir='ltr'><strong>putaverim.</strong></span> 
     </span>
     <span class='ocr_line' id='line_1_6' title="bbox 7 585 1482 648; baseline -0.013 -2"><span class='ocrx_word' id='word_1_40' title='bbox 7 603 164 646; x_wconf 80' lang='lat' dir='ltr'><strong>Suidae</strong></span> <span class='ocrx_word' id='word_1_41' title='bbox 192 603 246 642; x_wconf 90' lang='lat' dir='ltr'><strong>de</strong></span> <span class='ocrx_word' id='word_1_42' title='bbox 275 598 528 642; x_wconf 86' lang='lat' dir='ltr'><strong>Nicomacho</strong></span> <span class='ocrx_word' id='word_1_43' title='bbox 558 595 715 648; x_wconf 81' lang='lat' dir='ltr'><strong>tragico</strong></span> <span class='ocrx_word' id='word_1_44' title='bbox 744 593 851 633; x_wconf 86' lang='lat' dir='ltr'><strong>haec</strong></span> <span class='ocrx_word' id='word_1_45' title='bbox 886 593 1013 632; x_wconf 80' lang='lat' dir='ltr'><strong>verba</strong></span> <span class='ocrx_word' id='word_1_46' title='bbox 1051 594 1170 632; x_wconf 84' lang='lat' dir='ltr'><strong>sunt:</strong></span> <span class='ocrx_word' id='word_1_47' title='bbox 1207 585 1482 643; x_wconf 80' lang='grc' dir='ltr'><strong><em>Νικόμαχος,</em></strong></span> 
     </span>
     <span class='ocr_line' id='line_1_7' title="bbox 0 664 1484 735; baseline -0.011 -12"><span class='ocrx_word' id='word_1_48' title='bbox 0 676 321 735; x_wconf 63' lang='grc' dir='ltr'><strong>Ἀλεξανὸρεὺς</strong></span> <span class='ocrx_word' id='word_1_49' title='bbox 357 675 434 727; x_wconf 76' lang='grc' dir='ltr'><strong>τῆς</strong></span> <span class='ocrx_word' id='word_1_50' title='bbox 477 671 697 729; x_wconf 80' lang='grc' dir='ltr'><em>Τρωικῆς,</em></span> <span class='ocrx_word' id='word_1_51' title='bbox 740 665 964 726; x_wconf 74' lang='grc' dir='ltr'><strong><em>τραγικός,</em></strong></span> <span class='ocrx_word' id='word_1_52' title='bbox 1012 665 1191 726; x_wconf 71' lang='grc' dir='ltr'><em>γράψας</em></span> <span class='ocrx_word' id='word_1_53' title='bbox 1231 664 1484 724; x_wconf 77' lang='grc' dir='ltr'><em>τραγῳδίας</em></span> 
     </span>
     <span class='ocr_line' id='line_1_8' title="bbox 0 743 1482 809; baseline -0.01 -8"><span class='ocrx_word' id='word_1_54' title='bbox 0 758 178 809; x_wconf 40' lang='lat' dir='ltr'><strong>evoma,</strong></span> <span class='ocrx_word' id='word_1_55' title='bbox 226 749 290 798; x_wconf 74' lang='grc' dir='ltr'><strong>ὦν</strong></span> <span class='ocrx_word' id='word_1_56' title='bbox 323 755 399 797; x_wconf 84' lang='grc' dir='ltr'><strong>καὶ</strong></span> <span class='ocrx_word' id='word_1_57' title='bbox 434 747 554 794; x_wconf 75' lang='grc' dir='ltr'><em>αἵδε·</em></span> <span class='ocrx_word' id='word_1_58' title='bbox 611 747 923 806; x_wconf 77' lang='grc' dir='ltr'><strong><em>Ἀλέξανδρος,</em></strong></span> <span class='ocrx_word' id='word_1_59' title='bbox 970 745 1209 806; x_wconf 68' lang='grc' dir='ltr'><strong><em>Ἐριφύλη,</em></strong></span> <span class='ocrx_word' id='word_1_60' title='bbox 1239 743 1482 802; x_wconf 76' lang='grc' dir='ltr'><strong><em>Γηρυόνης,</em></strong></span> 
     </span>
     <span class='ocr_line' id='line_1_9' title="bbox 0 822 1481 889; baseline -0.007 -10"><span class='ocrx_word' id='word_1_61' title='bbox 0 828 237 887; x_wconf 65' lang='grc' dir='ltr'><strong>ι’.Αλιτεήδης</strong></span> <span class='ocrx_word' id='word_1_62' title='bbox 265 837 383 889; x_wconf 84' lang='lat' dir='ltr'><strong>(fort.</strong></span> <span class='ocrx_word' id='word_1_63' title='bbox 412 828 642 885; x_wconf 80' lang='grc' dir='ltr'><strong>Ἀλήτης),</strong></span> <span class='ocrx_word' id='word_1_64' title='bbox 667 825 924 880; x_wconf 75' lang='grc' dir='ltr'><strong><em>Εἰλείθυια,</em></strong></span> <span class='ocrx_word' id='word_1_65' title='bbox 955 826 1280 883; x_wconf 68' lang='grc' dir='ltr'><strong><em>Νεοπτόλεμος,</em></strong></span> <span class='ocrx_word' id='word_1_66' title='bbox 1310 822 1481 880; x_wconf 79' lang='grc' dir='ltr'><strong><em>Μυσοί,</em></strong></span> 
     </span>
     <span class='ocr_line' id='line_1_10' title="bbox 0 903 1480 971; baseline -0.007 -13"><span class='ocrx_word' id='word_1_67' title='bbox 0 914 244 967; x_wconf 51' lang='lat' dir='ltr'><strong>videl-1013,</strong></span> <span class='ocrx_word' id='word_1_68' title='bbox 282 910 470 971; x_wconf 78' lang='grc' dir='ltr'><strong><em>Περσίς,</em></strong></span> <span class='ocrx_word' id='word_1_69' title='bbox 510 910 762 964; x_wconf 76' lang='grc' dir='ltr'><strong><em>Πολυξένη,</em></strong></span> <span class='ocrx_word' id='word_1_70' title='bbox 811 905 1042 966; x_wconf 74' lang='grc' dir='ltr'><strong><em>Τριλογιά,</em></strong></span> <span class='ocrx_word' id='word_1_71' title='bbox 1074 903 1480 962; x_wconf 74' lang='grc' dir='ltr'><strong><em>Μετεκβαίνουσαι,</em></strong></span> 
     </span>
     <span class='ocr_line' id='line_1_11' title="bbox 0 988 1482 1051; baseline -0.005 -13"><span class='ocrx_word' id='word_1_72' title='bbox 0 992 268 1051; x_wconf 65' lang='grc' dir='ltr'><em>’Τυνδάρεως</em></span> <span class='ocrx_word' id='word_1_73' title='bbox 295 989 324 1045; x_wconf 84' lang='grc' dir='ltr'><em>ἢ</em></span> <span class='ocrx_word' id='word_1_74' title='bbox 348 989 610 1046; x_wconf 80' lang='grc' dir='ltr'><em>Ἀλκμαίων</em></span> <span class='ocrx_word' id='word_1_75' title='bbox 644 995 727 1045; x_wconf 87' lang='lat'><strong>1⁷),</strong></span> <span class='ocrx_word' id='word_1_76' title='bbox 763 988 962 1046; x_wconf 64' lang='grc' dir='ltr'><strong><em>Τεῦκρος.</em></strong></span> <span class='ocrx_word' id='word_1_77' title='bbox 1009 990 1056 1031; x_wconf 90' lang='lat' dir='ltr'><strong>In</strong></span> <span class='ocrx_word' id='word_1_78' title='bbox 1086 991 1148 1030; x_wconf 84' lang='lat' dir='ltr'><strong>his</strong></span> <span class='ocrx_word' id='word_1_79' title='bbox 1180 1002 1332 1030; x_wconf 90' lang='lat' dir='ltr'><strong>nomen</strong></span> <span class='ocrx_word' id='word_1_80' title='bbox 1364 989 1482 1030; x_wconf 78' lang='lat' dir='ltr'><strong>trilo-</strong></span> 
     </span>
     <span class='ocr_line' id='line_1_12' title="bbox 0 1067 1482 1133; baseline -0.006 -14"><span class='ocrx_word' id='word_1_81' title='bbox 0 1067 104 1133; x_wconf 60' lang='lat' dir='ltr'><strong>fgiae</strong></span> <span class='ocrx_word' id='word_1_82' title='bbox 132 1080 321 1130; x_wconf 85' lang='lat' dir='ltr'><strong>spectare</strong></span> <span class='ocrx_word' id='word_1_83' title='bbox 350 1075 513 1115; x_wconf 77' lang='lat' dir='ltr'><strong>videtur</strong></span> <span class='ocrx_word' id='word_1_84' title='bbox 542 1074 593 1115; x_wconf 89' lang='lat' dir='ltr'><strong>ad</strong></span> <span class='ocrx_word' id='word_1_85' title='bbox 630 1078 716 1114; x_wconf 88' lang='lat' dir='ltr'><strong>tres</strong></span> <span class='ocrx_word' id='word_1_86' title='bbox 752 1072 846 1112; x_wconf 88' lang='lat' dir='ltr'><strong>illas</strong></span> <span class='ocrx_word' id='word_1_87' title='bbox 884 1070 1068 1120; x_wconf 84' lang='lat' dir='ltr'><strong>fabulas,</strong></span> <span class='ocrx_word' id='word_1_88' title='bbox 1106 1068 1375 1122; x_wconf 79' lang='lat' dir='ltr'><strong>Tyndareum</strong></span> <span class='ocrx_word' id='word_1_89' title='bbox 1406 1068 1482 1110; x_wconf 83' lang='lat' dir='ltr'><strong>Al-</strong></span> 
     </span>
     <span class='ocr_line' id='line_1_13' title="bbox 0 1147 1483 1206; baseline -0.005 -10"><span class='ocrx_word' id='word_1_90' title='bbox 0 1166 255 1198; x_wconf 68' lang='lat' dir='ltr'><strong>rcmaeonem</strong></span> <span class='ocrx_word' id='word_1_91' title='bbox 285 1155 509 1195; x_wconf 88' lang='lat' dir='ltr'><strong>Teucrum.</strong></span> <span class='ocrx_word' id='word_1_92' title='bbox 567 1147 757 1206; x_wconf 75' lang='grc' dir='ltr'><strong><em>Περσίς,</em></strong></span> <span class='ocrx_word' id='word_1_93' title='bbox 797 1164 880 1205; x_wconf 91' lang='lat' dir='ltr'><strong>quo</strong></span> <span class='ocrx_word' id='word_1_94' title='bbox 910 1151 1079 1192; x_wconf 87' lang='lat' dir='ltr'><strong>nomine</strong></span> <span class='ocrx_word' id='word_1_95' title='bbox 1119 1148 1374 1190; x_wconf 83' lang='lat' dir='ltr'><strong>Nausicratis</strong></span> <span class='ocrx_word' id='word_1_96' title='bbox 1410 1161 1483 1189; x_wconf 81' lang='lat' dir='ltr'><strong>co·</strong></span> 
     </span>
     <span class='ocr_line' id='line_1_14' title="bbox 0 1227 1483 1301; baseline -0.007 -24"><span class='ocrx_word' id='word_1_97' title='bbox 0 1234 108 1301; x_wconf 49' lang='lat' dir='ltr'><strong>{mici</strong></span> <span class='ocrx_word' id='word_1_98' title='bbox 138 1234 278 1275; x_wconf 85' lang='lat' dir='ltr'><strong>fabula</strong></span> <span class='ocrx_word' id='word_1_99' title='bbox 308 1234 547 1282; x_wconf 85' lang='lat' dir='ltr'><strong>ferebatur,</strong></span> <span class='ocrx_word' id='word_1_100' title='bbox 587 1232 792 1285; x_wconf 88' lang='lat' dir='ltr'><strong>permirus</strong></span> <span class='ocrx_word' id='word_1_101' title='bbox 819 1235 884 1272; x_wconf 87' lang='lat' dir='ltr'><strong>est</strong></span> <span class='ocrx_word' id='word_1_102' title='bbox 912 1230 1155 1283; x_wconf 85' lang='lat' dir='ltr'><strong>tragoediae</strong></span> <span class='ocrx_word' id='word_1_103' title='bbox 1183 1228 1324 1268; x_wconf 79' lang='lat' dir='ltr'><strong>index.</strong></span> <span class='ocrx_word' id='word_1_104' title='bbox 1370 1227 1483 1268; x_wconf 88' lang='lat' dir='ltr'><strong>Scri-</strong></span> 
     </span>
     <span class='ocr_line' id='line_1_15' title="bbox 10 1304 1484 1364; baseline -0.008 -7"><span class='ocrx_word' id='word_1_105' title='bbox 10 1317 191 1358; x_wconf 82' lang='lat' dir='ltr'><strong>bendum</strong></span> <span class='ocrx_word' id='word_1_106' title='bbox 221 1315 383 1354; x_wconf 53' lang='lat' dir='ltr'><strong>ridetur</strong></span> <span class='ocrx_word' id='word_1_107' title='bbox 403 1311 565 1364; x_wconf 74' lang='grc' dir='ltr'><em>Πέρσις</em></span> <span class='ocrx_word' id='word_1_108' title='bbox 593 1304 622 1360; x_wconf 77' lang='grc' dir='ltr'>ὴ</span> <span class='ocrx_word' id='word_1_109' title='bbox 640 1308 884 1361; x_wconf 77' lang='grc' dir='ltr'><strong><em>Πολυξένη,</em></strong></span> <span class='ocrx_word' id='word_1_110' title='bbox 909 1314 958 1351; x_wconf 86' lang='lat' dir='ltr'><strong>ut</strong></span> <span class='ocrx_word' id='word_1_111' title='bbox 973 1310 1038 1350; x_wconf 84' lang='lat' dir='ltr'><strong>nii</strong></span> <span class='ocrx_word' id='word_1_112' title='bbox 1070 1308 1273 1348; x_wconf 82' lang='lat' dir='ltr'><strong>excidium</strong></span> <span class='ocrx_word' id='word_1_113' title='bbox 1304 1307 1484 1360; x_wconf 86' lang='lat' dir='ltr'><strong>etPoly-</strong></span> 
     </span>
     <span class='ocr_line' id='line_1_16' title="bbox 9 1386 1485 1444; baseline -0.007 -7"><span class='ocrx_word' id='word_1_114' title='bbox 9 1407 138 1437; x_wconf 82' lang='lat' dir='ltr'><strong>xenae</strong></span> <span class='ocrx_word' id='word_1_115' title='bbox 165 1393 390 1433; x_wconf 85' lang='lat' dir='ltr'><strong>immolatio</strong></span> <span class='ocrx_word' id='word_1_116' title='bbox 418 1391 689 1444; x_wconf 77' lang='lat' dir='ltr'><strong>intelligatur.</strong></span> <span class='ocrx_word' id='word_1_117' title='bbox 751 1390 915 1431; x_wconf 80' lang='lat' dir='ltr'><strong>Pariter</strong></span> <span class='ocrx_word' id='word_1_118' title='bbox 953 1389 995 1429; x_wconf 86' lang='lat' dir='ltr'><strong>in</strong></span> <span class='ocrx_word' id='word_1_119' title='bbox 1028 1387 1304 1440; x_wconf 81' lang='lat' dir='ltr'><strong>Cleophontis</strong></span> <span class='ocrx_word' id='word_1_120' title='bbox 1336 1386 1485 1440; x_wconf 82' lang='lat' dir='ltr'><strong>tragici</strong></span> 
     </span>
     <span class='ocr_line' id='line_1_17' title="bbox 10 1464 1484 1522; baseline -0.006 -6"><span class='ocrx_word' id='word_1_121' title='bbox 10 1473 242 1516; x_wconf 79' lang='lat' dir='ltr'><strong>fabularum</strong></span> <span class='ocrx_word' id='word_1_122' title='bbox 269 1484 444 1511; x_wconf 82' lang='lat' dir='ltr'><strong>recensu</strong></span> <span class='ocrx_word' id='word_1_123' title='bbox 475 1471 584 1522; x_wconf 87' lang='lat' dir='ltr'><strong>apud</strong></span> <span class='ocrx_word' id='word_1_124' title='bbox 599 1470 769 1510; x_wconf 87' lang='lat' dir='ltr'><strong>Suidam</strong></span> <span class='ocrx_word' id='word_1_125' title='bbox 797 1469 836 1509; x_wconf 91' lang='lat'><strong>11</strong></span> <span class='ocrx_word' id='word_1_126' title='bbox 866 1482 907 1521; x_wconf 87' lang='lat' dir='ltr'><strong>p.</strong></span> <span class='ocrx_word' id='word_1_127' title='bbox 925 1468 1009 1508; x_wconf 70' lang='lat'><strong>324</strong></span> <span class='ocrx_word' id='word_1_128' title='bbox 1039 1464 1205 1519; x_wconf 82' lang='grc' dir='ltr'><strong><em>Πέρσις</em></strong></span> <span class='ocrx_word' id='word_1_129' title='bbox 1219 1466 1484 1507; x_wconf 87' lang='lat' dir='ltr'><strong>scribendum</strong></span> 
     </span>
     <span class='ocr_line' id='line_1_18' title="bbox 12 1541 1485 1608; baseline -0.006 -14"><span class='ocrx_word' id='word_1_130' title='bbox 12 1566 90 1608; x_wconf 88' lang='lat' dir='ltr'><strong>pro</strong></span> <span class='ocrx_word' id='word_1_131' title='bbox 109 1546 284 1605; x_wconf 74' lang='grc' dir='ltr'><strong><em>Περσίς.</em></strong></span> <span class='ocrx_word' id='word_1_132' title='bbox 317 1551 454 1602; x_wconf 83' lang='lat' dir='ltr'><strong>Atque</strong></span> <span class='ocrx_word' id='word_1_133' title='bbox 482 1548 636 1588; x_wconf 84' lang='lat' dir='ltr'><strong>habent</strong></span> <span class='ocrx_word' id='word_1_134' title='bbox 666 1549 768 1589; x_wconf 88' lang='lat' dir='ltr'><strong>illud</strong></span> <span class='ocrx_word' id='word_1_135' title='bbox 793 1541 820 1598; x_wconf 81' lang='grc' dir='ltr'><em>ἢ</em></span> <span class='ocrx_word' id='word_1_136' title='bbox 842 1549 994 1589; x_wconf 89' lang='lat' dir='ltr'><strong>Portus</strong></span> <span class='ocrx_word' id='word_1_137' title='bbox 1022 1552 1062 1587; x_wconf 87' lang='lat' dir='ltr'><strong>et</strong></span> <span class='ocrx_word' id='word_1_138' title='bbox 1079 1548 1298 1595; x_wconf 82' lang='lat' dir='ltr'><strong>Kusterus,</strong></span> <span class='ocrx_word' id='word_1_139' title='bbox 1329 1546 1485 1586; x_wconf 83' lang='lat' dir='ltr'><strong>delevit</strong></span> 
     </span>
     <span class='ocr_line' id='line_1_19' title="bbox 15 1626 1485 1678; baseline -0.006 -5"><span class='ocrx_word' id='word_1_140' title='bbox 15 1636 153 1673; x_wconf 78' lang='lat' dir='ltr'><strong>autem</strong></span> <span class='ocrx_word' id='word_1_141' title='bbox 182 1629 459 1671; x_wconf 85' lang='lat' dir='ltr'><strong>Bernhardius</strong></span> <span class='ocrx_word' id='word_1_142' title='bbox 489 1629 663 1668; x_wconf 89' lang='lat' dir='ltr'><strong>duorum</strong></span> <span class='ocrx_word' id='word_1_143' title='bbox 694 1629 883 1668; x_wconf 85' lang='lat' dir='ltr'><strong>codicum</strong></span> <span class='ocrx_word' id='word_1_144' title='bbox 912 1628 1040 1667; x_wconf 87' lang='lat' dir='ltr'><strong>fidem</strong></span> <span class='ocrx_word' id='word_1_145' title='bbox 1079 1630 1292 1678; x_wconf 78' lang='lat' dir='ltr'><strong>sequutus.</strong></span> <span class='ocrx_word' id='word_1_146' title='bbox 1361 1626 1485 1665; x_wconf 89' lang='lat' dir='ltr'><strong>Dem-</strong></span> 
     </span>
     <span class='ocr_line' id='line_1_20' title="bbox 14 1703 1484 1766; baseline -0.007 -14"><span class='ocrx_word' id='word_1_147' title='bbox 14 1711 98 1766; x_wconf 83' lang='lat' dir='ltr'><strong>ptis</strong></span> <span class='ocrx_word' id='word_1_148' title='bbox 125 1709 281 1763; x_wconf 81' lang='lat' dir='ltr'><strong>igitur,</strong></span> <span class='ocrx_word' id='word_1_149' title='bbox 309 1720 410 1761; x_wconf 87' lang='lat' dir='ltr'><strong>quas</strong></span> <span class='ocrx_word' id='word_1_150' title='bbox 440 1707 681 1748; x_wconf 79' lang='lat' dir='ltr'><strong>Nicomachi</strong></span> <span class='ocrx_word' id='word_1_151' title='bbox 712 1709 859 1748; x_wconf 90' lang='lat' dir='ltr'><strong>comici</strong></span> <span class='ocrx_word' id='word_1_152' title='bbox 887 1707 1019 1747; x_wconf 85' lang='lat' dir='ltr'><strong>fuisse</strong></span> <span class='ocrx_word' id='word_1_153' title='bbox 1053 1705 1254 1757; x_wconf 68' lang='lat' dir='ltr'><strong>suspicari</strong></span> <span class='ocrx_word' id='word_1_154' title='bbox 1288 1704 1388 1743; x_wconf 85' lang='lat' dir='ltr'><strong>licet</strong></span> <span class='ocrx_word' id='word_1_155' title='bbox 1417 1703 1484 1743; x_wconf 84' lang='lat' dir='ltr'><strong>fa-</strong></span> 
     </span>
     <span class='ocr_line' id='line_1_21' title="bbox 15 1784 1485 1840; baseline -0.007 -8"><span class='ocrx_word' id='word_1_156' title='bbox 15 1791 146 1840; x_wconf 82' lang='lat' dir='ltr'><strong>bulas,</strong></span> <span class='ocrx_word' id='word_1_157' title='bbox 174 1787 368 1829; x_wconf 84' lang='lat' dir='ltr'><strong>undecim</strong></span> <span class='ocrx_word' id='word_1_158' title='bbox 397 1787 686 1839; x_wconf 86' lang='lat' dir='ltr'><strong>relinquuntur</strong></span> <span class='ocrx_word' id='word_1_159' title='bbox 715 1788 1023 1840; x_wconf 84' lang='lat' dir='ltr'><strong>tragoediarum</strong></span> <span class='ocrx_word' id='word_1_160' title='bbox 1061 1784 1196 1824; x_wconf 84' lang='lat' dir='ltr'><strong>tituli:</strong></span> <span class='ocrx_word' id='word_1_161' title='bbox 1233 1784 1485 1832; x_wconf 84' lang='lat' dir='ltr'><strong>Alexander,</strong></span> 
     </span>
     <span class='ocr_line' id='line_1_22' title="bbox 15 1864 1488 1923; baseline -0.006 -12"><span class='ocrx_word' id='word_1_162' title='bbox 15 1868 239 1923; x_wconf 80' lang='lat' dir='ltr'><strong>Eriphyle,</strong></span> <span class='ocrx_word' id='word_1_163' title='bbox 269 1868 498 1921; x_wconf 79' lang='lat' dir='ltr'><strong>Geryones,</strong></span> <span class='ocrx_word' id='word_1_164' title='bbox 527 1867 737 1917; x_wconf 85' lang='lat' dir='ltr'><strong>Aletides,</strong></span> <span class='ocrx_word' id='word_1_165' title='bbox 767 1867 1087 1919; x_wconf 83' lang='lat' dir='ltr'><strong>Neoptolemus,</strong></span> <span class='ocrx_word' id='word_1_166' title='bbox 1119 1864 1250 1916; x_wconf 82' lang='lat' dir='ltr'><strong>Mysi,</strong></span> <span class='ocrx_word' id='word_1_167' title='bbox 1283 1864 1488 1915; x_wconf 80' lang='lat' dir='ltr'><strong>Oedipus,</strong></span> 
     </span>
     <span class='ocr_line' id='line_1_23' title="bbox 15 1943 1486 2000; baseline -0.005 -10"><span class='ocrx_word' id='word_1_168' title='bbox 15 1949 232 1992; x_wconf 77' lang='lat' dir='ltr'><strong>Excidium</strong></span> <span class='ocrx_word' id='word_1_169' title='bbox 284 1948 373 1988; x_wconf 81' lang='lat' dir='ltr'><strong>sive</strong></span> <span class='ocrx_word' id='word_1_170' title='bbox 410 1947 640 1999; x_wconf 78' lang='lat' dir='ltr'><strong>Polyxena,</strong></span> <span class='ocrx_word' id='word_1_171' title='bbox 689 1946 958 2000; x_wconf 70' lang='lat' dir='ltr'><strong>Tyndareus,</strong></span> <span class='ocrx_word' id='word_1_172' title='bbox 1004 1944 1254 1991; x_wconf 88' lang='lat' dir='ltr'><strong>Alcmaeon,</strong></span> <span class='ocrx_word' id='word_1_173' title='bbox 1303 1943 1486 1983; x_wconf 86' lang='lat' dir='ltr'><strong>Teucer.</strong></span> 
     </span>
     <span class='ocr_line' id='line_1_24' title="bbox 15 2023 1488 2076; baseline -0.006 -5"><span class='ocrx_word' id='word_1_174' title='bbox 15 2029 191 2070; x_wconf 83' lang='lat' dir='ltr'><strong>Restant</strong></span> <span class='ocrx_word' id='word_1_175' title='bbox 231 2030 369 2067; x_wconf 85' lang='lat' dir='ltr'><strong>tamen</strong></span> <span class='ocrx_word' id='word_1_176' title='bbox 412 2027 535 2067; x_wconf 91' lang='lat' dir='ltr'><strong>etiam</strong></span> <span class='ocrx_word' id='word_1_177' title='bbox 577 2027 620 2067; x_wconf 91' lang='lat' dir='ltr'><strong>in</strong></span> <span class='ocrx_word' id='word_1_178' title='bbox 672 2027 754 2067; x_wconf 89' lang='lat' dir='ltr'><strong>hoc</strong></span> <span class='ocrx_word' id='word_1_179' title='bbox 798 2037 976 2066; x_wconf 84' lang='lat' dir='ltr'><strong>recensu</strong></span> <span class='ocrx_word' id='word_1_180' title='bbox 1024 2023 1334 2075; x_wconf 88' lang='lat' dir='ltr'><strong>aliquammulta</strong></span> <span class='ocrx_word' id='word_1_181' title='bbox 1379 2035 1488 2076; x_wconf 79' lang='lat' dir='ltr'><strong>quae</strong></span> 
     </span>
     <span class='ocr_line' id='line_1_25' title="bbox 8 2102 1489 2158; baseline -0.006 -8"><span class='ocrx_word' id='word_1_182' title='bbox 8 2108 314 2151; x_wconf 45' lang='lat' dir='ltr'><strong>‘dubitationem</strong></span> <span class='ocrx_word' id='word_1_183' title='bbox 351 2106 548 2146; x_wconf 86' lang='lat' dir='ltr'><strong>iniiciant.</strong></span> <span class='ocrx_word' id='word_1_184' title='bbox 612 2107 677 2146; x_wconf 82' lang='lat' dir='ltr'><strong>Ex</strong></span> <span class='ocrx_word' id='word_1_185' title='bbox 713 2118 794 2158; x_wconf 90' lang='lat' dir='ltr'><strong>quo</strong></span> <span class='ocrx_word' id='word_1_186' title='bbox 839 2117 1019 2158; x_wconf 89' lang='lat' dir='ltr'><strong>genere,</strong></span> <span class='ocrx_word' id='word_1_187' title='bbox 1056 2107 1104 2144; x_wconf 85' lang='lat' dir='ltr'><strong>ut</strong></span> <span class='ocrx_word' id='word_1_188' title='bbox 1142 2104 1195 2144; x_wconf 89' lang='lat' dir='ltr'><strong>de</strong></span> <span class='ocrx_word' id='word_1_189' title='bbox 1223 2102 1391 2144; x_wconf 78' lang='lat' dir='ltr'><strong>Aletide</strong></span> <span class='ocrx_word' id='word_1_190' title='bbox 1425 2105 1489 2142; x_wconf 84' lang='lat' dir='ltr'><strong>ta-</strong></span> 
     </span>
     <span class='ocr_line' id='line_1_26' title="bbox 22 2180 1489 2237; baseline -0.005 -10"><span class='ocrx_word' id='word_1_191' title='bbox 22 2199 150 2234; x_wconf 81' lang='lat' dir='ltr'><strong>ceam,</strong></span> <span class='ocrx_word' id='word_1_192' title='bbox 180 2190 244 2224; x_wconf 76' lang='lat' dir='ltr'><strong>est</strong></span> <span class='ocrx_word' id='word_1_193' title='bbox 257 2184 485 2237; x_wconf 83' lang='lat' dir='ltr'><strong>Geryones,</strong></span> <span class='ocrx_word' id='word_1_194' title='bbox 514 2195 636 2235; x_wconf 84' lang='lat' dir='ltr'><strong>quem</strong></span> <span class='ocrx_word' id='word_1_195' title='bbox 664 2183 905 2237; x_wconf 77' lang='lat' dir='ltr'><strong>tragoediae</strong></span> <span class='ocrx_word' id='word_1_196' title='bbox 933 2185 1222 2236; x_wconf 84' lang='lat' dir='ltr'><strong>argumentum</strong></span> <span class='ocrx_word' id='word_1_197' title='bbox 1246 2180 1489 2234; x_wconf 80' lang='lat' dir='ltr'><strong>praebuisse</strong></span> 
     </span>
     <span class='ocr_line' id='line_1_27' title="bbox 6 2241 1490 2316; baseline -0.003 -10"><span class='ocrx_word' id='word_1_198' title='bbox 6 2241 197 2312; x_wconf 63' lang='lat' dir='ltr'><strong>{difficile</strong></span> <span class='ocrx_word' id='word_1_199' title='bbox 227 2267 290 2303; x_wconf 86' lang='lat' dir='ltr'><strong>est</strong></span> <span class='ocrx_word' id='word_1_200' title='bbox 318 2263 371 2302; x_wconf 88' lang='lat' dir='ltr'><strong>ad</strong></span> <span class='ocrx_word' id='word_1_201' title='bbox 399 2263 678 2304; x_wconf 86' lang='lat' dir='ltr'><strong>credendum:</strong></span> <span class='ocrx_word' id='word_1_202' title='bbox 717 2268 760 2303; x_wconf 84' lang='lat' dir='ltr'><strong>at</strong></span> <span class='ocrx_word' id='word_1_203' title='bbox 788 2262 979 2316; x_wconf 86' lang='lat' dir='ltr'><strong>praebuit</strong></span> <span class='ocrx_word' id='word_1_204' title='bbox 1007 2261 1247 2302; x_wconf 88' lang='lat' dir='ltr'><strong>comoediae</strong></span> <span class='ocrx_word' id='word_1_205' title='bbox 1276 2260 1490 2313; x_wconf 83' lang='lat' dir='ltr'><strong>Ephippo.</strong></span> 
     </span>
     <span class='ocr_line' id='line_1_28' title="bbox 7 2320 1491 2396; baseline -0.003 -10"><span class='ocrx_word' id='word_1_206' title='bbox 7 2320 78 2389; x_wconf 49' lang='lat' dir='ltr'><strong>lv.</strong></span> <span class='ocrx_word' id='word_1_207' title='bbox 119 2354 243 2395; x_wconf 77' lang='lat' dir='ltr'><strong>supra</strong></span> <span class='ocrx_word' id='word_1_208' title='bbox 278 2355 320 2394; x_wconf 90' lang='lat' dir='ltr'><strong>p.</strong></span> <span class='ocrx_word' id='word_1_209' title='bbox 349 2342 447 2383; x_wconf 79' lang='lat'>351.</span> <span class='ocrx_word' id='word_1_210' title='bbox 522 2344 612 2383; x_wconf 87' lang='lat' dir='ltr'><strong>Nec</strong></span> <span class='ocrx_word' id='word_1_211' title='bbox 650 2341 780 2396; x_wconf 77' lang='lat' dir='ltr'><strong>magis</strong></span> <span class='ocrx_word' id='word_1_212' title='bbox 829 2340 1029 2381; x_wconf 86' lang='lat' dir='ltr'><strong>credibile</strong></span> <span class='ocrx_word' id='word_1_213' title='bbox 1069 2345 1132 2381; x_wconf 74' lang='lat' dir='ltr'><strong>est</strong></span> <span class='ocrx_word' id='word_1_214' title='bbox 1168 2339 1399 2392; x_wconf 83' lang='lat' dir='ltr'><strong>Eriphylen</strong></span> <span class='ocrx_word' id='word_1_215' title='bbox 1446 2343 1491 2381; x_wconf 86' lang='lat' dir='ltr'><strong>et</strong></span> 
     </span>
     <span class='ocr_line' id='line_1_29' title="bbox 7 2413 1490 2474; baseline 0.001 -14"><span class='ocrx_word' id='word_1_216' title='bbox 7 2413 314 2467; x_wconf 67' lang='lat' dir='ltr'><strong>lAlcmneonem</strong></span> <span class='ocrx_word' id='word_1_217' title='bbox 350 2421 531 2461; x_wconf 80' lang='lat' dir='ltr'><strong>diversas</strong></span> <span class='ocrx_word' id='word_1_218' title='bbox 569 2421 703 2462; x_wconf 78' lang='lat' dir='ltr'><strong>fuisse</strong></span> <span class='ocrx_word' id='word_1_219' title='bbox 739 2420 916 2461; x_wconf 77' lang='lat' dir='ltr'><strong>fabulas.</strong></span> <span class='ocrx_word' id='word_1_220' title='bbox 976 2420 1174 2460; x_wconf 89' lang='lat' dir='ltr'><strong>Ceterum</strong></span> <span class='ocrx_word' id='word_1_221' title='bbox 1202 2432 1286 2460; x_wconf 90' lang='lat' dir='ltr'><strong>non</strong></span> <span class='ocrx_word' id='word_1_222' title='bbox 1313 2432 1490 2474; x_wconf 81' lang='lat' dir='ltr'><strong>magnae</strong></span> 
     </span>
     <span class='ocr_line' id='line_1_30' title="bbox 9 2490 1487 2553; baseline -0.001 -11"><span class='ocrx_word' id='word_1_223' title='bbox 9 2490 335 2544; x_wconf 68' lang='lat' dir='ltr'><strong>{existimationis</strong></span> <span class='ocrx_word' id='word_1_224' title='bbox 361 2505 527 2553; x_wconf 84' lang='lat' dir='ltr'><strong>poetam</strong></span> <span class='ocrx_word' id='word_1_225' title='bbox 556 2500 688 2541; x_wconf 74' lang='lat' dir='ltr'><strong>fuisse</strong></span> <span class='ocrx_word' id='word_1_226' title='bbox 717 2498 1038 2548; x_wconf 81' lang='lat' dir='ltr'><strong>Nicomachum,</strong></span> <span class='ocrx_word' id='word_1_227' title='bbox 1069 2498 1193 2539; x_wconf 87' lang='lat' dir='ltr'><strong>docet</strong></span> <span class='ocrx_word' id='word_1_228' title='bbox 1221 2498 1384 2550; x_wconf 79' lang='lat' dir='ltr'><strong>Suidas,</strong></span> <span class='ocrx_word' id='word_1_229' title='bbox 1414 2500 1487 2552; x_wconf 88' lang='lat' dir='ltr'><strong>qui</strong></span> 
     </span>
     <span class='ocr_line' id='line_1_31' title="bbox 9 2570 1488 2633; baseline -0.002 -12"><span class='ocrx_word' id='word_1_230' title='bbox 9 2570 83 2621; x_wconf 75' lang='lat' dir='ltr'><strong>¹²de</strong></span> <span class='ocrx_word' id='word_1_231' title='bbox 111 2580 240 2621; x_wconf 82' lang='lat' dir='ltr'><strong>altero</strong></span> <span class='ocrx_word' id='word_1_232' title='bbox 275 2591 398 2632; x_wconf 87' lang='lat' dir='ltr'><strong>quem</strong></span> <span class='ocrx_word' id='word_1_233' title='bbox 435 2580 552 2621; x_wconf 74' lang='lat' dir='ltr'><strong>linxit</strong></span> <span class='ocrx_word' id='word_1_234' title='bbox 588 2579 840 2624; x_wconf 82' lang='lat' dir='ltr'><strong>Nicomacho</strong></span> <span class='ocrx_word' id='word_1_235' title='bbox 883 2579 989 2620; x_wconf 87' lang='lat' dir='ltr'><strong>haec</strong></span> <span class='ocrx_word' id='word_1_236' title='bbox 1027 2578 1176 2620; x_wconf 81' lang='lat' dir='ltr'><strong>habet:</strong></span> <span class='ocrx_word' id='word_1_237' title='bbox 1215 2573 1488 2633; x_wconf 80' lang='grc' dir='ltr'><strong><em>Νικόμαχος,</em></strong></span> 
     </span>
    </p>
   </div>
   <div class='ocr_carea' id='block_1_3' title="bbox 26 2684 292 2697">
    <p class='ocr_par' dir='ltr' id='par_1_3' title="bbox 26 2684 292 2697">
     <span class='ocr_line' id='line_1_32' title="bbox 26 2684 292 2697; baseline 0 493"><span class='ocrx_word' id='word_1_238' title='bbox 26 2684 292 2697; x_wconf 95' lang='lat' dir='ltr'><strong> </strong></span> 
     </span>
    </p>
   </div>
   <div class='ocr_carea' id='block_1_4' title="bbox 10 2726 1319 2871">
    <p class='ocr_par' dir='ltr' id='par_1_4' title="bbox 10 2726 1319 2871">
     <span class='ocr_line' id='line_1_33' title="bbox 10 2726 1319 2791; baseline -0.001 -12"><span class='ocrx_word' id='word_1_239' title='bbox 10 2726 17 2754; x_wconf 72' lang='lat'>⁵</span> <span class='ocrx_word' id='word_1_240' title='bbox 62 2739 161 2788; x_wconf 55' lang='lat'><strong>3¹⁷)</strong></span> <span class='ocrx_word' id='word_1_241' title='bbox 191 2738 325 2786; x_wconf 80' lang='lat' dir='ltr'><strong>Recte</strong></span> <span class='ocrx_word' id='word_1_242' title='bbox 354 2737 634 2791; x_wconf 78' lang='lat' dir='ltr'><strong>Bernhardius</strong></span> <span class='ocrx_word' id='word_1_243' title='bbox 663 2730 691 2787; x_wconf 80' lang='grc' dir='ltr'><strong><em>ἢ</em></strong></span> <span class='ocrx_word' id='word_1_244' title='bbox 720 2737 944 2781; x_wconf 83' lang='lat' dir='ltr'><strong>delendum</strong></span> <span class='ocrx_word' id='word_1_245' title='bbox 974 2749 1068 2779; x_wconf 76' lang='lat' dir='ltr'><strong>esse</strong></span> <span class='ocrx_word' id='word_1_246' title='bbox 1097 2736 1319 2778; x_wconf 76' lang='lat' dir='ltr'><strong>existimat.</strong></span> 
     </span>
     <span class='ocr_line' id='line_1_34' title="bbox 11 2801 1213 2871; baseline -0.007 -9"><span class='ocrx_word' id='word_1_247' title='bbox 11 2801 14 2808; x_wconf 87' lang='lat'><strong>·</strong></span> <span class='ocrx_word' id='word_1_248' title='bbox 83 2825 174 2862; x_wconf 74' lang='lat' dir='ltr'><strong>nist.</strong></span> <span class='ocrx_word' id='word_1_249' title='bbox 200 2826 274 2862; x_wconf 83' lang='lat' dir='ltr'><strong>crit.</strong></span> <span class='ocrx_word' id='word_1_250' title='bbox 301 2826 399 2863; x_wconf 82' lang='lat' dir='ltr'><strong>Com.</strong></span> <span class='ocrx_word' id='word_1_251' title='bbox 424 2837 538 2871; x_wconf 79' lang='lat' dir='ltr'><strong>graec.</strong></span> <span class='ocrx_word' id='word_1_252' title='bbox 1153 2814 1213 2854; x_wconf 75' lang='lat'><strong>82</strong></span> 
     </span>
    </p>
   </div>
  </div>
 </body>
</html>
