1702 3190
502 151 728 182 ins-roman
757 151 1011 181 corticosum.
1462 138 1521 179 la

37 259 340 301 commentatus
369 257 452 304 est,
489 252 566 294 sed
605 253 772 306 scripsit
800 253 926 294 etiam
955 247 1064 306 πρὸ,-
1091 245 1198 298 τοὺς
1226 245 1522 306 Καλλιμάχου

35 333 241 383 πίνακας,
270 340 318 375 ut
346 334 543 375 discimus
573 346 624 374 ex
651 332 806 374 Athen.
833 332 892 373 IX
921 345 964 384 p.
993 331 1079 371 408
1095 330 1127 380 f,
1165 331 1236 382 qui
1271 331 1384 372 idem
1413 344 1520 385 opus

34 417 207 469 respicit
251 415 323 455 lib.
363 414 466 456 vlu
511 427 553 466 p.
592 413 675 453 336
701 425 739 452 e.
793 405 893 451 οὕτε
941 406 1025 464 γὰρ
1069 404 1361 463 Καλλίμαχος
1407 405 1519 451 αὐτὸ

34 495 251 546 (Alexidis
282 494 453 546 drama)
483 487 583 532 οὔτε
620 484 957 545 Ἀριστοφάνης
986 484 1256 543 ἀνέγραψεν.
1314 491 1520 533 Eiusdem

35 576 188 617 librum
218 573 318 628 περὶ
346 566 593 627 προσώπων
618 574 786 624 praeter
823 571 997 612 Festum
1039 583 1072 610 s.
1103 582 1142 610 v.
1171 568 1350 609 Maeson
1378 570 1522 611 laudat

37 655 191 697 Athen.
220 653 320 696 XIV
348 667 390 706 p.
419 652 503 692 659
524 652 563 700 b,
591 650 657 690 cui
687 649 823 690 simile
852 649 934 689 fuit
963 649 1164 702 scriptum
1194 648 1372 688 Homeri
1400 648 1520 691 Sellii

36 734 181 786 (quem
205 733 336 772 -etiam
364 731 416 770 de
434 729 666 770 Menandro
698 731 1018 769 commentatum
1046 741 1139 769 esse
1168 727 1385 769 docuimus
1413 727 1520 770 Pro-

33 812 118 866 leg.
146 826 189 865 p.
218 810 418 861 XXXIV)
447 807 546 863 περὶ
575 805 665 847 τῶν
692 806 894 861 κωμικῶν
923 803 1174 863 προσώπων
1210 807 1322 861 apud
1347 808 1521 850 Suidam

0 887 1 959 3
35 904 71 933 r.
99 905 138 932 r.
160 881 362 943 “’()μηρος
399 889 481 929 rol.
513 889 553 928 11
583 901 626 941 p.
655 889 752 929 690.
822 889 928 929 oum
964 887 1244 940 Aristophane
1273 889 1520 940 Aristarchi,

0 983 2 999 ³
36 970 240 1012 Demetrii
273 970 360 1010 sive
400 968 573 1017 Ixionis,
611 967 875 1020 Euphronii,
912 968 1190 1018 Artemidori,
1221 968 1448 1009 callistrati
1477 972 1522 1010 et

37 1048 275 1102 Symmachi
304 1047 544 1088 memoriam
574 1048 874 1100 coniungimus,
904 1060 1082 1100 quorum
1110 1052 1224 1088 tanta
1253 1047 1337 1088 fuit
1363 1049 1408 1089 iu
1436 1047 1522 1089 hoc

38 1128 254 1168 literarum
291 1139 447 1180 genere
497 1133 542 1166 et
577 1126 754 1175 maxime
801 1127 844 1166 in
881 1128 1161 1180 Aristophane
1204 1127 1520 1181 interpretando

36 1207 252 1255 industria,
281 1210 328 1245 ut
356 1205 609 1257 peculiarem
640 1205 719 1245 sibi
747 1209 919 1258 poscant
949 1219 1144 1259 operam,
1184 1219 1307 1260 quam
1335 1208 1378 1248 in
1408 1206 1522 1248 aliud

36 1290 200 1338 tempus
240 1284 412 1324 differre
448 1284 575 1324 satius
616 1288 695 1324 est.
763 1285 884 1326 Nunc
921 1285 1003 1326 hoc
1040 1299 1168 1327 unum
1198 1299 1372 1326 mouere
1395 1286 1521 1326 liceat

34 1364 271 1418 Symmachi
299 1377 450 1404 nomen
480 1363 726 1403 delitescere
742 1364 852 1418 apud
868 1365 1036 1406 Suidam
1051 1366 1132 1407 vol.
1150 1366 1211 1407 111
1234 1380 1276 1419 p.
1291 1366 1390 1415 583,
1407 1353 1521 1418 qnod

36 1444 146 1497 fugit
183 1444 421 1484 Kusterum.
487 1443 769 1484 Callistratum
808 1445 932 1485 etiam
971 1446 1014 1486 in
1052 1446 1227 1486 aliorum
1265 1447 1521 1488 comicorum

10 1522 379 1576 ’interpretatione
408 1526 617 1563 versatum
656 1536 750 1563 esse
780 1524 903 1564 docet
931 1526 1170 1566 Athenaeus
1198 1526 1279 1566 XII
1306 1539 1348 1579 p.
1378 1525 1464 1567 495
1481 1539 1519 1568 a.

37 1603 110 1644 ubi
138 1602 329 1642 laudatur
358 1603 447 1642 eius
478 1604 797 1644 commentarius
825 1604 869 1644 in
901 1604 1106 1646 Thressas
1136 1605 1307 1647 Cratini.

152 1682 390 1732 Sequuntur
429 1682 561 1721 critici
600 1683 869 1735 Pergameni,
910 1698 1086 1735 quorum
1116 1680 1305 1732 πίνακας
1335 1698 1520 1726 comme-

40 1764 176 1802 morat
203 1760 428 1812 Dionysius
459 1761 595 1802 Ilalic.
614 1762 706 1802 ‚ml-
736 1761 774 1803 V
804 1775 846 1815 p.
878 1763 960 1802 630
991 1765 1093 1805 Rsk.
1151 1765 1348 1817 Magnam
1376 1764 1418 1805 in
1450 1764 1520 1806 his

37 1839 206 1880 laudem
246 1836 489 1891 consequuti
534 1844 630 1881 sunt
668 1841 814 1881 Crates
850 1842 1048 1884 Mallotes
1094 1845 1180 1884 sive
1218 1845 1517 1896 Pergamenus,

40 1919 159 1959 cuius
210 1912 477 1973 ἀναγραφὰς
529 1913 769 1974 δραμάτων
809 1921 1012 1964 habemus
1062 1924 1173 1977 apud
1224 1923 1376 1966 Athen.
1412 1922 1517 1965 vlu

70 2028 82 2039 .
111 1998 194 2038 336
217 2011 255 2048 e,
285 2002 328 2037 et
357 1999 569 2051 Carystius
595 1999 891 2052 Pergamenus,
920 2003 1036 2044 cuius
1065 2004 1219 2044 librum
1246 2001 1348 2057 περὶ
1376 1999 1519 2045 Διδα-

39 2072 233 2118 σκαλιῶν
261 2077 400 2117 laudat
428 2077 580 2119 Athen.
597 2079 657 2121 VI
685 2092 728 2131 p.
745 2079 830 2120 235
846 2094 883 2121 e.
914 2080 990 2123 cfr.
1021 2084 1258 2124 Boeckhius
1289 2083 1416 2136 Corp.
1446 2083 1516 2124 Iu-

39 2170 119 2201 ·cr.
151 2158 170 2198 1
198 2171 240 2211 p.
271 2157 370 2197 350.
434 2158 500 2197 Ex
529 2159 707 2199 Cratetis
748 2159 965 2213 disciplina
993 2163 1208 2216 profectus
1237 2169 1303 2205 est
1330 2164 1517 2205 Herodi-

41 2248 137 2285 cus,
173 2249 417 2289 quamquam
456 2237 598 2289 plures
635 2238 718 2279 hoc
759 2241 926 2280 nomine
967 2242 1140 2282 fuerunt
1168 2245 1425 2294 grammatici
1461 2244 1516 2286 de

43 2314 191 2366 quibus
229 2315 324 2354 vide
363 2316 506 2357 Wolfii
541 2316 710 2370 Proleg.
746 2331 790 2371 p.
820 2320 1103 2363 CCLXXVII.
1169 2323 1306 2363 Huius
1340 2321 1516 2380 Κωμῳ-

41 2382 247 2445 ’δούμενῳ
279 2407 383 2444 quae
412 2395 464 2435 ad
495 2386 808 2436 similitudinem
836 2395 923 2436 τῶν
959 2397 1341 2456 Τραγῳδουμένων
1368 2405 1514 2446 Ascle-

39 2472 173 2525 piadis
203 2473 457 2525 Tragilensis
487 2476 713 2527 composita
742 2475 872 2517 fuisse
900 2479 1113 2529 videntur,
1144 2481 1196 2520 ad
1224 2487 1364 2534 partes
1392 2488 1515 2525 vocat

41 2551 192 2593 Athen.
221 2551 322 2591 XIII
351 2565 394 2605 p.
423 2553 507 2593 586
523 2567 559 2594 a.
591 2556 658 2595 cll.
689 2556 938 2609 Harpocrat.
975 2573 1007 2599 s.
1039 2573 1077 2600 v.
1107 2556 1312 2612 Σινώπη,
1349 2563 1422 2602 uhi
1458 2564 1513 2603 de

41 2628 196 2681 Sinope
233 2636 368 2672 scorto
408 2633 710 2683 famosissimo,
751 2640 794 2675 et
839 2637 911 2677 lib.
942 2638 1043 2678 XIII
1084 2653 1126 2691 p.
1156 2639 1239 2680 591
1267 2654 1303 2689 c,
1344 2643 1418 2683 ubi
1457 2643 1511 2684 de

41 2706 210 2762 Phryne
253 2711 428 2766 aliisque
465 2713 650 2755 eiusdem
688 2716 865 2757 nominis
902 2720 1188 2761 meretricibus
1224 2722 1375 2774 agitur.
1445 2722 1512 2764 Ex
