<?xml version="1.0" encoding="UTF-8"?>
<!DOCTYPE html PUBLIC "-//W3C//DTD XHTML 1.0 Transitional//EN"
    "http://www.w3.org/TR/xhtml1/DTD/xhtml1-transitional.dtd">
<html xmlns="http://www.w3.org/1999/xhtml" xml:lang="en" lang="en">
 <head>
  <title>
</title>
<meta http-equiv="Content-Type" content="text/html;charset=utf-8" />
  <meta name='ocr-system' content='tesseract 3.04.00' />
  <meta name='ocr-capabilities' content='ocr_page ocr_carea ocr_par ocr_line ocrx_word'/>
</head>
<body>
  <div class='ocr_page' id='page_1' title='image "./fragmentacomicor01meinuoft_0377.png"; bbox 0 0 1702 3190; ppageno 0'>
   <div class='ocr_carea' id='block_1_1' title="bbox 527 169 1506 216">
    <p class='ocr_par' dir='ltr' id='par_1_1' title="bbox 527 169 1506 216">
     <span class='ocr_line' id='line_1_1' title="bbox 527 169 1506 216; baseline -0.005 0"><span class='ocrx_word' id='word_1_1' title='bbox 527 185 747 216; x_wconf 67' lang='lat' dir='ltr'><strong>erramus.</strong></span> <span class='ocrx_word' id='word_1_2' title='bbox 816 184 1018 214; x_wconf 61' lang='lat' dir='ltr'><strong>ausurus.</strong></span> <span class='ocrx_word' id='word_1_3' title='bbox 1418 169 1506 213; x_wconf 77' lang='lat'><strong>855</strong></span> 
     </span>
    </p>
   </div>
   <div class='ocr_carea' id='block_1_2' title="bbox 0 282 1520 2640">
    <p class='ocr_par' dir='ltr' id='par_1_2' title="bbox 0 282 1513 1452">
     <span class='ocr_line' id='line_1_2' title="bbox 0 282 1504 343; baseline -0.007 -7"><span class='ocrx_word' id='word_1_4' title='bbox 0 298 1 303; x_wconf 77' lang='grc'>’</span> <span class='ocrx_word' id='word_1_5' title='bbox 30 292 161 343; x_wconf 67' lang='lat' dir='ltr'><strong>mee,</strong></span> <span class='ocrx_word' id='word_1_6' title='bbox 187 290 293 332; x_wconf 69' lang='lat' dir='ltr'><strong>haee</strong></span> <span class='ocrx_word' id='word_1_7' title='bbox 318 300 402 331; x_wconf 87' lang='lat' dir='ltr'><strong>non</strong></span> <span class='ocrx_word' id='word_1_8' title='bbox 429 289 489 329; x_wconf 85' lang='lat' dir='ltr'><strong>ita</strong></span> <span class='ocrx_word' id='word_1_9' title='bbox 520 287 601 327; x_wconf 86' lang='lat' dir='ltr'><strong>dici</strong></span> <span class='ocrx_word' id='word_1_10' title='bbox 630 286 830 340; x_wconf 84' lang='lat' dir='ltr'><strong>potuisse,</strong></span> <span class='ocrx_word' id='word_1_11' title='bbox 859 283 940 325; x_wconf 88' lang='lat' dir='ltr'><strong>nisi</strong></span> <span class='ocrx_word' id='word_1_12' title='bbox 968 285 1196 338; x_wconf 77' lang='lat' dir='ltr'><strong>superstite</strong></span> <span class='ocrx_word' id='word_1_13' title='bbox 1214 282 1350 326; x_wconf 89' lang='lat' dir='ltr'><strong>adhuc</strong></span> <span class='ocrx_word' id='word_1_14' title='bbox 1364 282 1504 326; x_wconf 83' lang='lat' dir='ltr'><strong>Heca·</strong></span> 
     </span>
     <span class='ocr_line' id='line_1_3' title="bbox 31 362 1504 423; baseline -0.004 -11"><span class='ocrx_word' id='word_1_15' title='bbox 31 376 195 419; x_wconf 76' lang='lat' dir='ltr'><strong>tomno,</strong></span> <span class='ocrx_word' id='word_1_16' title='bbox 229 381 279 410; x_wconf 84' lang='lat' dir='ltr'><strong>ex</strong></span> <span class='ocrx_word' id='word_1_17' title='bbox 313 382 396 423; x_wconf 88' lang='lat' dir='ltr'><strong>quo</strong></span> <span class='ocrx_word' id='word_1_18' title='bbox 434 367 617 408; x_wconf 83' lang='lat' dir='ltr'><strong>fabulam</strong></span> <span class='ocrx_word' id='word_1_19' title='bbox 654 365 767 405; x_wconf 89' lang='lat' dir='ltr'><strong>illam</strong></span> <span class='ocrx_word' id='word_1_20' title='bbox 797 366 893 404; x_wconf 84' lang='lat' dir='ltr'><strong>ante</strong></span> <span class='ocrx_word' id='word_1_21' title='bbox 923 362 1090 417; x_wconf 86' lang='lat' dir='ltr'><strong>Olymp.</strong></span> <span class='ocrx_word' id='word_1_22' title='bbox 1122 365 1155 405; x_wconf 87' lang='lat' dir='ltr'>C</span> <span class='ocrx_word' id='word_1_23' title='bbox 1194 365 1235 414; x_wconf 80' lang='lat'><strong>4,</strong></span> <span class='ocrx_word' id='word_1_24' title='bbox 1277 377 1358 415; x_wconf 88' lang='lat' dir='ltr'><strong>quo</strong></span> <span class='ocrx_word' id='word_1_25' title='bbox 1396 377 1504 406; x_wconf 89' lang='lat' dir='ltr'><strong>anno</strong></span> 
     </span>
     <span class='ocr_line' id='line_1_4' title="bbox 0 441 1506 496; baseline -0.005 -5"><span class='ocrx_word' id='word_1_26' title='bbox 0 441 216 491; x_wconf 65' lang='lat' dir='ltr'><strong>*mortuus</strong></span> <span class='ocrx_word' id='word_1_27' title='bbox 258 453 320 488; x_wconf 85' lang='lat' dir='ltr'><strong>est</strong></span> <span class='ocrx_word' id='word_1_28' title='bbox 358 448 665 496; x_wconf 82' lang='lat' dir='ltr'><strong>Hecatomnus,</strong></span> <span class='ocrx_word' id='word_1_29' title='bbox 705 446 867 485; x_wconf 85' lang='lat' dir='ltr'><strong>doctam</strong></span> <span class='ocrx_word' id='word_1_30' title='bbox 904 442 1036 482; x_wconf 79' lang='lat' dir='ltr'><strong>fuisse</strong></span> <span class='ocrx_word' id='word_1_31' title='bbox 1075 442 1335 494; x_wconf 82' lang='lat' dir='ltr'><strong>intelligitur.</strong></span> <span class='ocrx_word' id='word_1_32' title='bbox 1394 443 1506 485; x_wconf 90' lang='lat' dir='ltr'><strong>Hinc</strong></span> 
     </span>
     <span class='ocr_line' id='line_1_5' title="bbox 0 522 1506 582; baseline -0.003 -14"><span class='ocrx_word' id='word_1_33' title='bbox 0 530 4 539; x_wconf 94' lang='lat'>&#39;</span> <span class='ocrx_word' id='word_1_34' title='bbox 29 527 260 582; x_wconf 71' lang='lat' dir='ltr'><strong>Epigenem</strong></span> <span class='ocrx_word' id='word_1_35' title='bbox 301 527 462 567; x_wconf 89' lang='lat' dir='ltr'><strong>mediae</strong></span> <span class='ocrx_word' id='word_1_36' title='bbox 499 527 634 579; x_wconf 87' lang='lat' dir='ltr'><strong>poetis</strong></span> <span class='ocrx_word' id='word_1_37' title='bbox 666 523 906 565; x_wconf 85' lang='lat' dir='ltr'><strong>comoediae</strong></span> <span class='ocrx_word' id='word_1_38' title='bbox 935 534 1158 561; x_wconf 81' lang='lat' dir='ltr'><strong>accensere</strong></span> <span class='ocrx_word' id='word_1_39' title='bbox 1186 534 1270 560; x_wconf 92' lang='lat' dir='ltr'><strong>non</strong></span> <span class='ocrx_word' id='word_1_40' title='bbox 1301 522 1506 563; x_wconf 63' lang='lat' dir='ltr'><strong>dubitavit</strong></span> 
     </span>
     <span class='ocr_line' id='line_1_6' title="bbox 0 596 1506 656; baseline -0.007 -8"><span class='ocrx_word' id='word_1_41' title='bbox 0 596 4 614; x_wconf 79' lang='lat'>¹</span> <span class='ocrx_word' id='word_1_42' title='bbox 30 620 79 648; x_wconf 74' lang='lat' dir='ltr'><strong>ac</strong></span> <span class='ocrx_word' id='word_1_43' title='bbox 108 606 287 646; x_wconf 81' lang='lat' dir='ltr'><strong>fortasse</strong></span> <span class='ocrx_word' id='word_1_44' title='bbox 316 607 438 646; x_wconf 88' lang='lat' dir='ltr'><strong>etiam</strong></span> <span class='ocrx_word' id='word_1_45' title='bbox 455 605 602 645; x_wconf 82' lang='lat' dir='ltr'>Pollux</span> <span class='ocrx_word' id='word_1_46' title='bbox 634 603 798 656; x_wconf 79' lang='lat' dir='ltr'><strong>scripsit</strong></span> <span class='ocrx_word' id='word_1_47' title='bbox 827 598 915 640; x_wconf 75' lang='grc' dir='ltr'><strong>τῶν</strong></span> <span class='ocrx_word' id='word_1_48' title='bbox 941 598 1091 654; x_wconf 81' lang='grc' dir='ltr'>μέσων</span> <span class='ocrx_word' id='word_1_49' title='bbox 1114 612 1180 647; x_wconf 81' lang='grc' dir='ltr'><strong>τις</strong></span> <span class='ocrx_word' id='word_1_50' title='bbox 1197 597 1411 651; x_wconf 80' lang='grc' dir='ltr'><em>κωμικῶν.</em></span> <span class='ocrx_word' id='word_1_51' title='bbox 1433 604 1506 654; x_wconf 75' lang='lat'><strong>⁶⁸)</strong></span> 
     </span>
     <span class='ocr_line' id='line_1_7' title="bbox 31 672 1509 737; baseline -0.007 -9.205"><span class='ocrx_word' id='word_1_52' title='bbox 31 685 97 728; x_wconf 83' lang='lat' dir='ltr'><strong>Ad</strong></span> <span class='ocrx_word' id='word_1_53' title='bbox 140 684 300 725; x_wconf 88' lang='lat' dir='ltr'><strong>fabulas</strong></span> <span class='ocrx_word' id='word_1_54' title='bbox 339 684 538 737; x_wconf 82' lang='lat' dir='ltr'><strong>Epigenis</strong></span> <span class='ocrx_word' id='word_1_55' title='bbox 594 682 704 735; x_wconf 90' lang='lat' dir='ltr'><strong>quod</strong></span> <span class='ocrx_word' id='word_1_56' title='bbox 757 682 927 730; x_wconf 78' lang='lat' dir='ltr'><strong>attinet,</strong></span> <span class='ocrx_word' id='word_1_57' title='bbox 986 683 1156 734; x_wconf 87' lang='lat' dir='ltr'><strong>praeter</strong></span> <span class='ocrx_word' id='word_1_58' title='bbox 1209 672 1509 734; x_wconf 80' lang='grc' dir='ltr'><strong>Ἀργυρίου</strong></span> 
     </span>
     <span class='ocr_line' id='line_1_8' title="bbox 0 748 1508 830; baseline -0.003 -26"><span class='ocrx_word' id='word_1_59' title='bbox 0 748 360 830; x_wconf 39' lang='grc' dir='ltr'><em>ἷᾶφανισμὸν</em></span> <span class='ocrx_word' id='word_1_60' title='bbox 407 768 450 802; x_wconf 92' lang='lat' dir='ltr'><strong>et</strong></span> <span class='ocrx_word' id='word_1_61' title='bbox 494 755 855 815; x_wconf 65' lang='lat' dir='ltr'><strong>Illvvmcimov,</strong></span> <span class='ocrx_word' id='word_1_62' title='bbox 908 772 1030 813; x_wconf 84' lang='lat' dir='ltr'><strong>quam</strong></span> <span class='ocrx_word' id='word_1_63' title='bbox 1070 759 1222 799; x_wconf 86' lang='lat' dir='ltr'><strong>iterum</strong></span> <span class='ocrx_word' id='word_1_64' title='bbox 1266 759 1508 800; x_wconf 82' lang='lat' dir='ltr'><strong>Athenaeus</strong></span> 
     </span>
     <span class='ocr_line' id='line_1_9' title="bbox 29 836 1510 896; baseline -0.003 -12"><span class='ocrx_word' id='word_1_65' title='bbox 29 842 90 884; x_wconf 84' lang='lat' dir='ltr'><strong>xl</strong></span> <span class='ocrx_word' id='word_1_66' title='bbox 118 855 159 896; x_wconf 87' lang='lat' dir='ltr'><strong>p.</strong></span> <span class='ocrx_word' id='word_1_67' title='bbox 188 843 309 882; x_wconf 79' lang='lat' dir='ltr'><strong>480a</strong></span> <span class='ocrx_word' id='word_1_68' title='bbox 340 845 382 881; x_wconf 88' lang='lat' dir='ltr'><strong>et</strong></span> <span class='ocrx_word' id='word_1_69' title='bbox 410 842 493 881; x_wconf 85' lang='lat'><strong>486</strong></span> <span class='ocrx_word' id='word_1_70' title='bbox 513 843 538 883; x_wconf 91' lang='lat' dir='ltr'>b</span> <span class='ocrx_word' id='word_1_71' title='bbox 570 844 889 890; x_wconf 83' lang='lat' dir='ltr'><strong>commemorat,</strong></span> <span class='ocrx_word' id='word_1_72' title='bbox 928 839 1150 879; x_wconf 83' lang='lat' dir='ltr'><strong>laudantur</strong></span> <span class='ocrx_word' id='word_1_73' title='bbox 1178 838 1268 879; x_wconf 88' lang='lat' dir='ltr'><strong>eius</strong></span> <span class='ocrx_word' id='word_1_74' title='bbox 1299 836 1510 879; x_wconf 84' lang='grc' dir='ltr'><em>Ποντι-</em></span> 
     </span>
     <span class='ocr_line' id='line_1_10' title="bbox 27 915 1508 975; baseline -0.002 -12"><span class='ocrx_word' id='word_1_75' title='bbox 27 917 116 969; x_wconf 83' lang='grc' dir='ltr'><strong>κὸς</strong></span> <span class='ocrx_word' id='word_1_76' title='bbox 144 921 306 962; x_wconf 85' lang='lat' dir='ltr'><strong>Polluci</strong></span> <span class='ocrx_word' id='word_1_77' title='bbox 333 921 412 963; x_wconf 91' lang='lat' dir='ltr'><strong>V11</strong></span> <span class='ocrx_word' id='word_1_78' title='bbox 442 922 513 972; x_wconf 78' lang='lat'><strong>29,</strong></span> <span class='ocrx_word' id='word_1_79' title='bbox 567 916 817 975; x_wconf 72' lang='grc' dir='ltr'><strong>“Ηρωι’νη</strong></span> <span class='ocrx_word' id='word_1_80' title='bbox 857 918 1010 959; x_wconf 89' lang='lat' dir='ltr'><strong>Athen.</strong></span> <span class='ocrx_word' id='word_1_81' title='bbox 1042 915 1101 957; x_wconf 86' lang='lat' dir='ltr'><strong>XI</strong></span> <span class='ocrx_word' id='word_1_82' title='bbox 1130 931 1172 970; x_wconf 87' lang='lat' dir='ltr'><strong>p.</strong></span> <span class='ocrx_word' id='word_1_83' title='bbox 1203 918 1286 958; x_wconf 79' lang='lat'><strong>469</strong></span> <span class='ocrx_word' id='word_1_84' title='bbox 1305 932 1341 959; x_wconf 87' lang='lat' dir='ltr'><strong>c.</strong></span> <span class='ocrx_word' id='word_1_85' title='bbox 1370 918 1455 959; x_wconf 80' lang='lat'><strong>502</strong></span> <span class='ocrx_word' id='word_1_86' title='bbox 1470 933 1508 960; x_wconf 89' lang='lat' dir='ltr'><strong>e.</strong></span> 
     </span>
     <span class='ocr_line' id='line_1_11' title="bbox 29 993 1509 1055; baseline -0.003 -12"><span class='ocrx_word' id='word_1_87' title='bbox 29 1002 155 1043; x_wconf 64' lang='lat' dir='ltr'><strong>aua</strong></span> <span class='ocrx_word' id='word_1_88' title='bbox 193 1005 236 1041; x_wconf 77' lang='lat' dir='ltr'><strong>et</strong></span> <span class='ocrx_word' id='word_1_89' title='bbox 272 994 493 1053; x_wconf 77' lang='grc' dir='ltr'><strong><em>Βάκχαι</em></strong></span> <span class='ocrx_word' id='word_1_90' title='bbox 529 1000 596 1040; x_wconf 82' lang='lat' dir='ltr'><strong>vel</strong></span> <span class='ocrx_word' id='word_1_91' title='bbox 631 993 896 1051; x_wconf 69' lang='grc' dir='ltr'><strong><em>Βακχεία.</em></strong></span> <span class='ocrx_word' id='word_1_92' title='bbox 955 997 1077 1038; x_wconf 81' lang='lat' dir='ltr'><strong>Prius</strong></span> <span class='ocrx_word' id='word_1_93' title='bbox 1106 996 1509 1055; x_wconf 20' lang='lat' dir='ltr'><strong>habetlAthenaeus</strong></span> 
     </span>
     <span class='ocr_line' id='line_1_12' title="bbox 31 1076 1511 1135; baseline -0.003 -13"><span class='ocrx_word' id='word_1_94' title='bbox 31 1082 92 1123; x_wconf 83' lang='lat' dir='ltr'><strong>lx</strong></span> <span class='ocrx_word' id='word_1_95' title='bbox 120 1095 162 1135; x_wconf 89' lang='lat' dir='ltr'><strong>p.</strong></span> <span class='ocrx_word' id='word_1_96' title='bbox 192 1080 274 1120; x_wconf 81' lang='lat'><strong>384</strong></span> <span class='ocrx_word' id='word_1_97' title='bbox 290 1093 327 1130; x_wconf 88' lang='lat' dir='ltr'><strong>a,</strong></span> <span class='ocrx_word' id='word_1_98' title='bbox 371 1081 546 1120; x_wconf 89' lang='lat' dir='ltr'><strong>alterum</strong></span> <span class='ocrx_word' id='word_1_99' title='bbox 572 1079 634 1120; x_wconf 90' lang='lat' dir='ltr'><strong>Xl</strong></span> <span class='ocrx_word' id='word_1_100' title='bbox 663 1092 705 1131; x_wconf 83' lang='lat' dir='ltr'><strong>p.</strong></span> <span class='ocrx_word' id='word_1_101' title='bbox 735 1077 820 1118; x_wconf 77' lang='lat'><strong>498</strong></span> <span class='ocrx_word' id='word_1_102' title='bbox 835 1092 873 1128; x_wconf 87' lang='lat' dir='ltr'><strong>e,</strong></span> <span class='ocrx_word' id='word_1_103' title='bbox 910 1077 983 1117; x_wconf 87' lang='lat' dir='ltr'><strong>ubi</strong></span> <span class='ocrx_word' id='word_1_104' title='bbox 1012 1080 1107 1116; x_wconf 84' lang='lat' dir='ltr'><strong>ante</strong></span> <span class='ocrx_word' id='word_1_105' title='bbox 1138 1076 1511 1131; x_wconf 79' lang='lat' dir='ltr'><strong>Schweighaeuse-</strong></span> 
     </span>
     <span class='ocr_line' id='line_1_13' title="bbox 30 1151 1512 1215; baseline -0.004 -13"><span class='ocrx_word' id='word_1_106' title='bbox 30 1174 124 1202; x_wconf 87' lang='lat' dir='ltr'><strong>rum</strong></span> <span class='ocrx_word' id='word_1_107' title='bbox 153 1154 344 1215; x_wconf 66' lang='grc' dir='ltr'><strong>Βακχίςε,</strong></span> <span class='ocrx_word' id='word_1_108' title='bbox 389 1163 431 1200; x_wconf 86' lang='lat' dir='ltr'><strong>et</strong></span> <span class='ocrx_word' id='word_1_109' title='bbox 461 1159 522 1199; x_wconf 80' lang='grc' dir='ltr'><strong>ΙΙΙ</strong></span> <span class='ocrx_word' id='word_1_110' title='bbox 562 1172 604 1212; x_wconf 86' lang='lat' dir='ltr'><strong>p.</strong></span> <span class='ocrx_word' id='word_1_111' title='bbox 635 1156 746 1208; x_wconf 73' lang='lat'>7511,</span> <span class='ocrx_word' id='word_1_112' title='bbox 784 1157 856 1198; x_wconf 84' lang='lat' dir='ltr'><strong>ubi</strong></span> <span class='ocrx_word' id='word_1_113' title='bbox 893 1161 988 1197; x_wconf 82' lang='lat' dir='ltr'><strong>ante</strong></span> <span class='ocrx_word' id='word_1_114' title='bbox 1027 1156 1264 1197; x_wconf 83' lang='lat' dir='ltr'><strong>Bentleium</strong></span> <span class='ocrx_word' id='word_1_115' title='bbox 1303 1151 1512 1214; x_wconf 70' lang='grc' dir='ltr'><em>Βραγχὶᾳ</em></span> 
     </span>
     <span class='ocr_line' id='line_1_14' title="bbox 30 1235 1512 1293; baseline -0.001 -13"><span class='ocrx_word' id='word_1_116' title='bbox 30 1239 263 1293; x_wconf 85' lang='lat' dir='ltr'><strong>legebatur.</strong></span> <span class='ocrx_word' id='word_1_117' title='bbox 299 1235 496 1292; x_wconf 77' lang='grc' dir='ltr'><em>Βακχεῖα</em></span> <span class='ocrx_word' id='word_1_118' title='bbox 527 1238 678 1278; x_wconf 89' lang='lat' dir='ltr'><strong>dicitur</strong></span> <span class='ocrx_word' id='word_1_119' title='bbox 706 1237 816 1290; x_wconf 83' lang='lat' dir='ltr'><strong>apud</strong></span> <span class='ocrx_word' id='word_1_120' title='bbox 847 1236 1016 1278; x_wconf 86' lang='lat' dir='ltr'><strong>Suidam</strong></span> <span class='ocrx_word' id='word_1_121' title='bbox 1047 1240 1091 1276; x_wconf 90' lang='lat' dir='ltr'><strong>et</strong></span> <span class='ocrx_word' id='word_1_122' title='bbox 1119 1236 1362 1277; x_wconf 86' lang='lat' dir='ltr'><strong>Eudociam.</strong></span> <span class='ocrx_word' id='word_1_123' title='bbox 1400 1237 1512 1279; x_wconf 78' lang='lat' dir='ltr'><strong>Vera</strong></span> 
     </span>
     <span class='ocr_line' id='line_1_15' title="bbox 31 1311 1513 1372; baseline -0.003 -11"><span class='ocrx_word' id='word_1_124' title='bbox 31 1321 237 1372; x_wconf 85' lang='lat' dir='ltr'><strong>scriptura</strong></span> <span class='ocrx_word' id='word_1_125' title='bbox 281 1318 448 1358; x_wconf 78' lang='lat' dir='ltr'><strong>videtur</strong></span> <span class='ocrx_word' id='word_1_126' title='bbox 484 1311 702 1370; x_wconf 74' lang='grc' dir='ltr'>Βακχεία,</span> <span class='ocrx_word' id='word_1_127' title='bbox 749 1315 859 1369; x_wconf 84' lang='lat' dir='ltr'><strong>quod</strong></span> <span class='ocrx_word' id='word_1_128' title='bbox 905 1315 1094 1356; x_wconf 87' lang='lat' dir='ltr'><strong>mulieris</strong></span> <span class='ocrx_word' id='word_1_129' title='bbox 1144 1328 1298 1358; x_wconf 84' lang='lat' dir='ltr'><strong>nomen</strong></span> <span class='ocrx_word' id='word_1_130' title='bbox 1340 1315 1422 1357; x_wconf 82' lang='lat' dir='ltr'><strong>fuit</strong></span> <span class='ocrx_word' id='word_1_131' title='bbox 1462 1320 1513 1358; x_wconf 81' lang='lat' dir='ltr'><strong>ut</strong></span> 
     </span>
     <span class='ocr_line' id='line_1_16' title="bbox 30 1397 364 1452; baseline -0.009 -12"><span class='ocrx_word' id='word_1_132' title='bbox 30 1397 245 1452; x_wconf 79' lang='grc' dir='ltr'><em>Βακχεῖος</em></span> <span class='ocrx_word' id='word_1_133' title='bbox 273 1397 364 1437; x_wconf 78' lang='lat' dir='ltr'><strong>viri.</strong></span> 
     </span>
    </p>

    <p class='ocr_par' dir='ltr' id='par_1_3' title="bbox 33 1468 1520 2165">
     <span class='ocr_line' id='line_1_17' title="bbox 142 1468 1513 1528; baseline -0.002 -11"><span class='ocrx_word' id='word_1_134' title='bbox 142 1476 429 1518; x_wconf 84' lang='lat' dir='ltr'><strong>EUBULUS.</strong></span> <span class='ocrx_word' id='word_1_135' title='bbox 495 1476 557 1515; x_wconf 91' lang='lat' dir='ltr'><strong>De</strong></span> <span class='ocrx_word' id='word_1_136' title='bbox 610 1475 694 1515; x_wconf 90' lang='lat' dir='ltr'><strong>hoc</strong></span> <span class='ocrx_word' id='word_1_137' title='bbox 744 1475 803 1514; x_wconf 91' lang='lat' dir='ltr'><strong>ita</strong></span> <span class='ocrx_word' id='word_1_138' title='bbox 857 1473 1006 1514; x_wconf 87' lang='lat' dir='ltr'><strong>Suidas</strong></span> <span class='ocrx_word' id='word_1_139' title='bbox 1046 1473 1212 1514; x_wconf 81' lang='lat' dir='ltr'><strong>scribit:</strong></span> <span class='ocrx_word' id='word_1_140' title='bbox 1269 1468 1513 1528; x_wconf 78' lang='grc' dir='ltr'>Εὔβουλος,</span> 
     </span>
     <span class='ocr_line' id='line_1_18' title="bbox 33 1547 1517 1610; baseline -0.003 -13"><span class='ocrx_word' id='word_1_141' title='bbox 33 1551 241 1606; x_wconf 81' lang='grc' dir='ltr'>Κήττιος,</span> <span class='ocrx_word' id='word_1_142' title='bbox 274 1548 547 1604; x_wconf 75' lang='grc' dir='ltr'><strong>Ἀθηναῖος,</strong></span> <span class='ocrx_word' id='word_1_143' title='bbox 579 1550 673 1601; x_wconf 78' lang='grc' dir='ltr'><strong><em>υἱὸς</em></strong></span> <span class='ocrx_word' id='word_1_144' title='bbox 701 1547 1004 1609; x_wconf 65' lang='grc' dir='ltr'><em>Εὐφράνορος.</em></span> <span class='ocrx_word' id='word_1_145' title='bbox 1061 1547 1270 1603; x_wconf 79' lang='grc' dir='ltr'><em>Ἓδίδαξε</em></span> <span class='ocrx_word' id='word_1_146' title='bbox 1308 1547 1517 1610; x_wconf 75' lang='grc' dir='ltr'><em>δράματα</em></span> 
     </span>
     <span class='ocr_line' id='line_1_19' title="bbox 36 1623 1518 1691; baseline -0.001 -16"><span class='ocrx_word' id='word_1_147' title='bbox 36 1629 119 1691; x_wconf 80' lang='grc' dir='ltr'><strong>ρδ’.</strong></span> <span class='ocrx_word' id='word_1_148' title='bbox 173 1623 230 1684; x_wconf 72' lang='grc' dir='ltr'><strong>ἦν</strong></span> <span class='ocrx_word' id='word_1_149' title='bbox 267 1631 313 1673; x_wconf 81' lang='grc' dir='ltr'><strong>δὲ</strong></span> <span class='ocrx_word' id='word_1_150' title='bbox 351 1629 466 1673; x_wconf 82' lang='grc' dir='ltr'><em>κατὰ</em></span> <span class='ocrx_word' id='word_1_151' title='bbox 495 1628 551 1688; x_wconf 78' lang='grc' dir='ltr'><strong>ρά</strong></span> <span class='ocrx_word' id='word_1_152' title='bbox 578 1628 874 1688; x_wconf 78' lang='grc' dir='ltr'>Ὀλυμπιάδα,</span> <span class='ocrx_word' id='word_1_153' title='bbox 914 1628 1131 1689; x_wconf 75' lang='grc' dir='ltr'><strong><em>μεθόριος</em></strong></span> <span class='ocrx_word' id='word_1_154' title='bbox 1159 1630 1238 1682; x_wconf 77' lang='grc' dir='ltr'><strong>τῆς</strong></span> <span class='ocrx_word' id='word_1_155' title='bbox 1267 1632 1405 1687; x_wconf 83' lang='grc' dir='ltr'>μέσης</span> <span class='ocrx_word' id='word_1_156' title='bbox 1434 1646 1518 1673; x_wconf 84' lang='grc' dir='ltr'><strong>κω-</strong></span> 
     </span>
     <span class='ocr_line' id='line_1_20' title="bbox 34 1709 1518 1770; baseline 0.002 -18"><span class='ocrx_word' id='word_1_157' title='bbox 34 1709 205 1770; x_wconf 74' lang='grc' dir='ltr'><strong><em>μῳδίας</em></strong></span> <span class='ocrx_word' id='word_1_158' title='bbox 232 1711 308 1752; x_wconf 85' lang='grc' dir='ltr'><strong>καὶ</strong></span> <span class='ocrx_word' id='word_1_159' title='bbox 336 1709 414 1761; x_wconf 76' lang='grc' dir='ltr'><strong>τῆς</strong></span> <span class='ocrx_word' id='word_1_160' title='bbox 441 1712 647 1762; x_wconf 77' lang='grc' dir='ltr'><strong><em>παλαιᾶς.</em></strong></span> <span class='ocrx_word' id='word_1_161' title='bbox 719 1715 766 1755; x_wconf 90' lang='lat' dir='ltr'><strong>In</strong></span> <span class='ocrx_word' id='word_1_162' title='bbox 796 1715 862 1754; x_wconf 82' lang='lat' dir='ltr'><strong>his</strong></span> <span class='ocrx_word' id='word_1_163' title='bbox 890 1714 1045 1754; x_wconf 86' lang='lat' dir='ltr'><strong>frustra</strong></span> <span class='ocrx_word' id='word_1_164' title='bbox 1075 1714 1296 1767; x_wconf 84' lang='lat' dir='ltr'><strong>Menagius</strong></span> <span class='ocrx_word' id='word_1_165' title='bbox 1335 1715 1388 1755; x_wconf 91' lang='lat' dir='ltr'><strong>ad</strong></span> <span class='ocrx_word' id='word_1_166' title='bbox 1418 1715 1518 1755; x_wconf 85' lang='lat' dir='ltr'><strong>Dio-</strong></span> 
     </span>
     <span class='ocr_line' id='line_1_21' title="bbox 35 1787 1516 1849; baseline 0 -14"><span class='ocrx_word' id='word_1_167' title='bbox 35 1808 129 1849; x_wconf 83' lang='lat' dir='ltr'><strong>gen.</strong></span> <span class='ocrx_word' id='word_1_168' title='bbox 162 1794 300 1834; x_wconf 83' lang='lat' dir='ltr'><strong>Laert.</strong></span> <span class='ocrx_word' id='word_1_169' title='bbox 333 1793 371 1832; x_wconf 90' lang='lat'><strong>11</strong></span> <span class='ocrx_word' id='word_1_170' title='bbox 403 1794 458 1832; x_wconf 82' lang='grc'><strong>60</strong></span> <span class='ocrx_word' id='word_1_171' title='bbox 496 1796 750 1835; x_wconf 85' lang='lat' dir='ltr'><strong>assentiente</strong></span> <span class='ocrx_word' id='word_1_172' title='bbox 781 1795 960 1834; x_wconf 82' lang='lat' dir='ltr'><strong>Kustero</strong></span> <span class='ocrx_word' id='word_1_173' title='bbox 991 1787 1220 1846; x_wconf 61' lang='grc' dir='ltr'><em>Σφήττιος</em></span> <span class='ocrx_word' id='word_1_174' title='bbox 1250 1795 1516 1835; x_wconf 88' lang='lat' dir='ltr'><strong>scribendum</strong></span> 
     </span>
     <span class='ocr_line' id='line_1_22' title="bbox 35 1867 1518 1925; baseline -0.001 -11"><span class='ocrx_word' id='word_1_175' title='bbox 35 1873 210 1914; x_wconf 78' lang='lat' dir='ltr'><strong>coniecit</strong></span> <span class='ocrx_word' id='word_1_176' title='bbox 247 1886 323 1925; x_wconf 87' lang='lat' dir='ltr'><strong>pro</strong></span> <span class='ocrx_word' id='word_1_177' title='bbox 355 1867 562 1922; x_wconf 82' lang='grc' dir='ltr'><em>Κήττιος.</em></span> <span class='ocrx_word' id='word_1_178' title='bbox 620 1875 818 1914; x_wconf 89' lang='lat' dir='ltr'><strong>Photius:</strong></span> <span class='ocrx_word' id='word_1_179' title='bbox 858 1867 1061 1921; x_wconf 83' lang='grc' dir='ltr'>Κηττός,</span> <span class='ocrx_word' id='word_1_180' title='bbox 1105 1870 1243 1925; x_wconf 81' lang='grc' dir='ltr'><em>δῆμος</em></span> <span class='ocrx_word' id='word_1_181' title='bbox 1272 1871 1350 1921; x_wconf 76' lang='grc' dir='ltr'><strong>τῆς</strong></span> <span class='ocrx_word' id='word_1_182' title='bbox 1372 1872 1518 1913; x_wconf 72' lang='grc' dir='ltr'><em>Λεον-</em></span> 
     </span>
     <span class='ocr_line' id='line_1_23' title="bbox 35 1947 1512 2006; baseline 0.001 -14"><span class='ocrx_word' id='word_1_183' title='bbox 35 1947 170 1999; x_wconf 80' lang='grc' dir='ltr'><strong><em>τίδος.</em></strong></span> <span class='ocrx_word' id='word_1_184' title='bbox 204 1951 293 1992; x_wconf 85' lang='lat' dir='ltr'><strong>Cfr.</strong></span> <span class='ocrx_word' id='word_1_185' title='bbox 320 1953 520 1993; x_wconf 85' lang='lat' dir='ltr'><strong>Boeckhii</strong></span> <span class='ocrx_word' id='word_1_186' title='bbox 551 1954 676 2006; x_wconf 87' lang='lat' dir='ltr'><strong>Corp.</strong></span> <span class='ocrx_word' id='word_1_187' title='bbox 708 1954 836 1994; x_wconf 84' lang='lat' dir='ltr'><strong>Inscr.</strong></span> <span class='ocrx_word' id='word_1_188' title='bbox 868 1953 886 1993; x_wconf 92' lang='lat'><em>1</em></span> <span class='ocrx_word' id='word_1_189' title='bbox 917 1967 958 2006; x_wconf 76' lang='lat' dir='ltr'><strong>p,</strong></span> <span class='ocrx_word' id='word_1_190' title='bbox 991 1953 1074 1993; x_wconf 75' lang='lat'><strong>152</strong></span> <span class='ocrx_word' id='word_1_191' title='bbox 1107 1958 1150 1992; x_wconf 90' lang='lat' dir='ltr'><strong>et</strong></span> <span class='ocrx_word' id='word_1_192' title='bbox 1165 1954 1301 2006; x_wconf 89' lang='lat' dir='ltr'><strong>Toup.</strong></span> <span class='ocrx_word' id='word_1_193' title='bbox 1332 1953 1512 1994; x_wconf 86' lang='lat' dir='ltr'><strong>Emeud.</strong></span> 
     </span>
     <span class='ocr_line' id='line_1_24' title="bbox 37 2031 1516 2086; baseline -0.001 -12"><span class='ocrx_word' id='word_1_194' title='bbox 37 2031 99 2074; x_wconf 81' lang='lat' dir='ltr'><strong>m</strong></span> <span class='ocrx_word' id='word_1_195' title='bbox 127 2032 254 2085; x_wconf 82' lang='lat' dir='ltr'>p.71.</span> <span class='ocrx_word' id='word_1_196' title='bbox 302 2033 495 2073; x_wconf 84' lang='lat' dir='ltr'><strong>Aetatem</strong></span> <span class='ocrx_word' id='word_1_197' title='bbox 526 2033 604 2072; x_wconf 70' lang='lat' dir='ltr'><strong>viri</strong></span> <span class='ocrx_word' id='word_1_198' title='bbox 633 2034 690 2072; x_wconf 88' lang='lat' dir='ltr'><strong>ita</strong></span> <span class='ocrx_word' id='word_1_199' title='bbox 720 2033 868 2075; x_wconf 86' lang='lat' dir='ltr'><strong>Suidas</strong></span> <span class='ocrx_word' id='word_1_200' title='bbox 899 2033 1065 2083; x_wconf 83' lang='lat' dir='ltr'><strong>indicat,</strong></span> <span class='ocrx_word' id='word_1_201' title='bbox 1095 2037 1142 2073; x_wconf 91' lang='lat' dir='ltr'><strong>ut</strong></span> <span class='ocrx_word' id='word_1_202' title='bbox 1172 2034 1338 2072; x_wconf 85' lang='lat' dir='ltr'><strong>circiter</strong></span> <span class='ocrx_word' id='word_1_203' title='bbox 1350 2033 1516 2086; x_wconf 79' lang='lat' dir='ltr'><strong>Olymp.</strong></span> 
     </span>
     <span class='ocr_line' id='line_1_25' title="bbox 38 2111 1520 2165; baseline 0 -12"><span class='ocrx_word' id='word_1_204' title='bbox 38 2111 94 2153; x_wconf 85' lang='lat' dir='ltr'><strong>cI</strong></span> <span class='ocrx_word' id='word_1_205' title='bbox 123 2124 218 2151; x_wconf 85' lang='lat' dir='ltr'><strong>eum</strong></span> <span class='ocrx_word' id='word_1_206' title='bbox 247 2111 437 2151; x_wconf 84' lang='lat' dir='ltr'><strong>floruisse</strong></span> <span class='ocrx_word' id='word_1_207' title='bbox 468 2112 590 2161; x_wconf 88' lang='lat' dir='ltr'><strong>dicat,</strong></span> <span class='ocrx_word' id='word_1_208' title='bbox 622 2112 734 2164; x_wconf 90' lang='lat' dir='ltr'><strong>quod</strong></span> <span class='ocrx_word' id='word_1_209' title='bbox 762 2113 797 2153; x_wconf 87' lang='lat' dir='ltr'><strong>si</strong></span> <span class='ocrx_word' id='word_1_210' title='bbox 824 2125 968 2152; x_wconf 80' lang='lat' dir='ltr'><strong>verum</strong></span> <span class='ocrx_word' id='word_1_211' title='bbox 1000 2118 1076 2162; x_wconf 81' lang='lat' dir='ltr'><strong>est,</strong></span> <span class='ocrx_word' id='word_1_212' title='bbox 1106 2113 1173 2151; x_wconf 78' lang='lat' dir='ltr'><strong>vix</strong></span> <span class='ocrx_word' id='word_1_213' title='bbox 1202 2116 1318 2152; x_wconf 81' lang='lat' dir='ltr'><strong>recte</strong></span> <span class='ocrx_word' id='word_1_214' title='bbox 1345 2113 1389 2152; x_wconf 86' lang='lat' dir='ltr'><strong>in</strong></span> <span class='ocrx_word' id='word_1_215' title='bbox 1418 2112 1520 2165; x_wconf 77' lang='lat' dir='ltr'><strong>ipsis</strong></span> 
     </span>
    </p>

    <p class='ocr_par' dir='ltr' id='par_1_4' title="bbox 0 2145 1520 2640">
     <span class='ocr_line' id='line_1_26' title="bbox 5 2145 1517 2243; baseline 0.001 -13.997"><span class='ocrx_word' id='word_1_216' title='bbox 5 2145 192 2229; x_wconf 56' lang='lat' dir='ltr'><strong>iven-,ris</strong></span> <span class='ocrx_word' id='word_1_217' title='bbox 234 2189 477 2241; x_wconf 87' lang='lat' dir='ltr'><strong>mediaeque</strong></span> <span class='ocrx_word' id='word_1_218' title='bbox 514 2191 756 2230; x_wconf 87' lang='lat' dir='ltr'><strong>comoediae</strong></span> <span class='ocrx_word' id='word_1_219' title='bbox 807 2191 1000 2230; x_wconf 84' lang='lat' dir='ltr'><strong>confiniis</strong></span> <span class='ocrx_word' id='word_1_220' title='bbox 1038 2190 1191 2230; x_wconf 55' lang='lat' dir='ltr'><strong>vixisse</strong></span> <span class='ocrx_word' id='word_1_221' title='bbox 1229 2189 1311 2230; x_wconf 84' lang='lat' dir='ltr'><strong>dici</strong></span> <span class='ocrx_word' id='word_1_222' title='bbox 1346 2190 1517 2243; x_wconf 80' lang='lat' dir='ltr'><strong>poterit.</strong></span> 
     </span>
     <span class='ocr_line' id='line_1_27' title="bbox 0 2236 1515 2322; baseline 0.001 -14"><span class='ocrx_word' id='word_1_223' title='bbox 0 2236 21 2305; x_wconf 58' lang='lat' dir='ltr'><strong>i</strong></span> <span class='ocrx_word' id='word_1_224' title='bbox 41 2265 209 2308; x_wconf 84' lang='lat' dir='ltr'><strong>Mediae</strong></span> <span class='ocrx_word' id='word_1_225' title='bbox 239 2279 334 2307; x_wconf 90' lang='lat' dir='ltr'><strong>eum</strong></span> <span class='ocrx_word' id='word_1_226' title='bbox 365 2267 606 2308; x_wconf 89' lang='lat' dir='ltr'><strong>comoediae</strong></span> <span class='ocrx_word' id='word_1_227' title='bbox 636 2268 792 2308; x_wconf 86' lang='lat' dir='ltr'><strong>diserte</strong></span> <span class='ocrx_word' id='word_1_228' title='bbox 823 2267 1032 2320; x_wconf 84' lang='lat' dir='ltr'><strong>assignant</strong></span> <span class='ocrx_word' id='word_1_229' title='bbox 1062 2269 1246 2322; x_wconf 74' lang='lat' dir='ltr'><strong>Etymol.</strong></span> <span class='ocrx_word' id='word_1_230' title='bbox 1271 2269 1333 2309; x_wconf 87' lang='lat' dir='ltr'><strong>M.</strong></span> <span class='ocrx_word' id='word_1_231' title='bbox 1363 2283 1404 2322; x_wconf 88' lang='lat' dir='ltr'><strong>p.</strong></span> <span class='ocrx_word' id='word_1_232' title='bbox 1432 2268 1515 2310; x_wconf 84' lang='lat'><strong>451</strong></span> 
     </span>
     <span class='ocr_line' id='line_1_28' title="bbox 0 2323 1520 2402; baseline 0.003 -19"><span class='ocrx_word' id='word_1_233' title='bbox 0 2323 22 2373; x_wconf 52' lang='lat' dir='ltr'><strong>i</strong></span> <span class='ocrx_word' id='word_1_234' title='bbox 43 2345 99 2384; x_wconf 81' lang='lat'><strong>3⁰</strong></span> <span class='ocrx_word' id='word_1_235' title='bbox 130 2348 172 2384; x_wconf 87' lang='lat' dir='ltr'><strong>et</strong></span> <span class='ocrx_word' id='word_1_236' title='bbox 193 2345 433 2386; x_wconf 81' lang='lat' dir='ltr'><strong>Ammonius</strong></span> <span class='ocrx_word' id='word_1_237' title='bbox 463 2361 494 2386; x_wconf 89' lang='lat' dir='ltr'><strong>s.</strong></span> <span class='ocrx_word' id='word_1_238' title='bbox 526 2361 567 2387; x_wconf 79' lang='lat' dir='ltr'><strong>v.</strong></span> <span class='ocrx_word' id='word_1_239' title='bbox 598 2342 738 2396; x_wconf 82' lang='grc' dir='ltr'>ἔνδον,</span> <span class='ocrx_word' id='word_1_240' title='bbox 770 2352 813 2387; x_wconf 90' lang='lat' dir='ltr'><strong>et</strong></span> <span class='ocrx_word' id='word_1_241' title='bbox 842 2349 1020 2400; x_wconf 85' lang='lat' dir='ltr'><strong>antiquis</strong></span> <span class='ocrx_word' id='word_1_242' title='bbox 1051 2348 1357 2400; x_wconf 82' lang='lat' dir='ltr'><strong>quodammodo</strong></span> <span class='ocrx_word' id='word_1_243' title='bbox 1388 2361 1520 2402; x_wconf 85' lang='lat' dir='ltr'><strong>oppo-</strong></span> 
     </span>
     <span class='ocr_line' id='line_1_29' title="bbox 0 2399 1519 2479; baseline 0.002 -15"><span class='ocrx_word' id='word_1_244' title='bbox 0 2399 23 2446; x_wconf 43' lang='grc' dir='ltr'><strong>“Ι</strong></span> <span class='ocrx_word' id='word_1_245' title='bbox 43 2422 106 2464; x_wconf 85' lang='lat' dir='ltr'><strong>nit</strong></span> <span class='ocrx_word' id='word_1_246' title='bbox 133 2421 370 2465; x_wconf 82' lang='lat' dir='ltr'><strong>Athenaeus</strong></span> <span class='ocrx_word' id='word_1_247' title='bbox 400 2426 478 2466; x_wconf 89' lang='lat' dir='ltr'><strong>Vll</strong></span> <span class='ocrx_word' id='word_1_248' title='bbox 518 2440 560 2479; x_wconf 86' lang='lat' dir='ltr'><strong>p.</strong></span> <span class='ocrx_word' id='word_1_249' title='bbox 590 2427 673 2466; x_wconf 77' lang='lat'><strong>300</strong></span> <span class='ocrx_word' id='word_1_250' title='bbox 691 2427 732 2467; x_wconf 80' lang='lat' dir='ltr'><strong>b.</strong></span> <span class='ocrx_word' id='word_1_251' title='bbox 796 2427 1047 2479; x_wconf 80' lang='lat' dir='ltr'><strong>Fragmenta</strong></span> <span class='ocrx_word' id='word_1_252' title='bbox 1087 2426 1383 2479; x_wconf 86' lang='lat' dir='ltr'><strong>contemplanti</strong></span> <span class='ocrx_word' id='word_1_253' title='bbox 1412 2430 1519 2467; x_wconf 84' lang='lat' dir='ltr'><strong>tem-</strong></span> 
     </span>
     <span class='ocr_line' id='line_1_30' title="bbox 0 2497 1517 2560; baseline 0.005 -21"><span class='ocrx_word' id='word_1_254' title='bbox 0 2497 24 2538; x_wconf 81' lang='lat'><strong>÷¹</strong></span> <span class='ocrx_word' id='word_1_255' title='bbox 44 2513 275 2554; x_wconf 81' lang='lat' dir='ltr'><strong>porumque</strong></span> <span class='ocrx_word' id='word_1_256' title='bbox 309 2515 410 2555; x_wconf 86' lang='lat' dir='ltr'><strong>quas</strong></span> <span class='ocrx_word' id='word_1_257' title='bbox 451 2507 664 2547; x_wconf 80' lang='lat' dir='ltr'><strong>continent</strong></span> <span class='ocrx_word' id='word_1_258' title='bbox 692 2510 811 2547; x_wconf 82' lang='lat' dir='ltr'><strong>notas</strong></span> <span class='ocrx_word' id='word_1_259' title='bbox 840 2505 1074 2546; x_wconf 82' lang='lat' dir='ltr'><strong>accuratius</strong></span> <span class='ocrx_word' id='word_1_260' title='bbox 1100 2505 1267 2547; x_wconf 85' lang='lat' dir='ltr'><strong>rimanti</strong></span> <span class='ocrx_word' id='word_1_261' title='bbox 1297 2507 1423 2560; x_wconf 82' lang='lat' dir='ltr'><strong>longe</strong></span> <span class='ocrx_word' id='word_1_262' title='bbox 1452 2506 1517 2547; x_wconf 83' lang='lat' dir='ltr'><strong>ul-</strong></span> 
     </span>
     <span class='ocr_line' id='line_1_31' title="bbox 0 2575 1520 2640; baseline 0.004 -21"><span class='ocrx_word' id='word_1_263' title='bbox 0 2575 111 2620; x_wconf 19' lang='lat' dir='ltr'><strong>*itm</strong></span> <span class='ocrx_word' id='word_1_264' title='bbox 147 2592 241 2621; x_wconf 77' lang='lat' dir='ltr'><strong>cam</strong></span> <span class='ocrx_word' id='word_1_265' title='bbox 277 2594 398 2634; x_wconf 85' lang='lat' dir='ltr'><strong>quam</strong></span> <span class='ocrx_word' id='word_1_266' title='bbox 434 2584 581 2626; x_wconf 85' lang='lat' dir='ltr'><strong>Suidas</strong></span> <span class='ocrx_word' id='word_1_267' title='bbox 620 2585 760 2640; x_wconf 84' lang='lat' dir='ltr'><strong>posuit</strong></span> <span class='ocrx_word' id='word_1_268' title='bbox 797 2583 1087 2639; x_wconf 80' lang='lat' dir='ltr'><strong>Olympiadem</strong></span> <span class='ocrx_word' id='word_1_269' title='bbox 1118 2585 1242 2626; x_wconf 88' lang='lat' dir='ltr'><strong>vitam</strong></span> <span class='ocrx_word' id='word_1_270' title='bbox 1281 2586 1520 2628; x_wconf 83' lang='lat' dir='ltr'><strong>extendisse</strong></span> 
     </span>
    </p>
   </div>
   <div class='ocr_carea' id='block_1_3' title="bbox 47 2682 315 2695">
    <p class='ocr_par' dir='ltr' id='par_1_5' title="bbox 47 2682 315 2695">
     <span class='ocr_line' id='line_1_32' title="bbox 47 2682 315 2695; baseline 0 495"><span class='ocrx_word' id='word_1_271' title='bbox 47 2682 315 2695; x_wconf 95' lang='lat' dir='ltr'><strong> </strong></span> 
     </span>
    </p>
   </div>
   <div class='ocr_carea' id='block_1_4' title="bbox 19 2730 1337 2863">
    <p class='ocr_par' dir='ltr' id='par_1_6' title="bbox 19 2730 1337 2863">
     <span class='ocr_line' id='line_1_33' title="bbox 19 2730 1337 2809; baseline 0.008 -35"><span class='ocrx_word' id='word_1_272' title='bbox 19 2730 27 2809; x_wconf 43' lang='lat' dir='ltr'><em>J</em></span> <span class='ocrx_word' id='word_1_273' title='bbox 51 2737 78 2773; x_wconf 81' lang='grc' dir='ltr'><strong>-ῑ</strong></span> <span class='ocrx_word' id='word_1_274' title='bbox 106 2739 178 2789; x_wconf 68' lang='grc'><strong>98)</strong></span> <span class='ocrx_word' id='word_1_275' title='bbox 207 2736 294 2787; x_wconf 84' lang='lat' dir='ltr'><strong>Sed</strong></span> <span class='ocrx_word' id='word_1_276' title='bbox 321 2739 414 2781; x_wconf 84' lang='lat' dir='ltr'><strong>vide</strong></span> <span class='ocrx_word' id='word_1_277' title='bbox 443 2753 551 2784; x_wconf 80' lang='lat' dir='ltr'><strong>nunc</strong></span> <span class='ocrx_word' id='word_1_278' title='bbox 579 2743 760 2785; x_wconf 73' lang='lat' dir='ltr'><strong>clintoni</strong></span> <span class='ocrx_word' id='word_1_279' title='bbox 791 2745 904 2788; x_wconf 65' lang='lat' dir='ltr'><strong>Fast-</strong></span> <span class='ocrx_word' id='word_1_280' title='bbox 934 2745 1047 2786; x_wconf 84' lang='lat' dir='ltr'><strong>Hell.</strong></span> <span class='ocrx_word' id='word_1_281' title='bbox 1080 2758 1121 2800; x_wconf 84' lang='lat' dir='ltr'><strong>p.</strong></span> <span class='ocrx_word' id='word_1_282' title='bbox 1154 2743 1231 2786; x_wconf 83' lang='lat' dir='ltr'><strong>Lll</strong></span> <span class='ocrx_word' id='word_1_283' title='bbox 1265 2743 1337 2783; x_wconf 72' lang='lat' dir='ltr'><strong>Kr·</strong></span> 
     </span>
     <span class='ocr_line' id='line_1_34' title="bbox 1148 2822 1255 2863; baseline 0 0"><span class='ocrx_word' id='word_1_284' title='bbox 1148 2822 1205 2863; x_wconf 75' lang='lat'><strong>23</strong></span> <span class='ocrx_word' id='word_1_285' title='bbox 1235 2822 1255 2844; x_wconf 70' lang='lat'><strong>&#39;⁸</strong></span> 
     </span>
    </p>
   </div>
  </div>
 </body>
</html>
