1702 3190
569 180 620 207 na
654 179 760 207 sou
793 179 1018 207 conos-nu.
1458 168 1543 208 445

60 277 193 325 enlm
229 281 285 322 ln
315 280 653 320 modulandis
683 279 874 320 metris
913 291 1005 319 sen
1038 280 1308 333 rhythmis
1340 281 1543 322 veteris

59 360 378 404 comoediae
424 361 721 412 scriptores
772 358 927 411 sequi
981 360 1309 409 maluerunt,
1364 360 1417 400 id
1461 365 1543 400 est

57 438 296 494 Eupolin
346 440 613 480 Cratinum
665 442 715 479 et
763 437 1205 490 Aristophanem.
1282 438 1543 492 Prologos

56 520 246 572 ltaque
296 522 348 559 et
394 519 678 571 primarum
731 529 1010 558 scenarum
1058 522 1218 556 actus
1270 519 1542 559 trimetris

58 598 604 650 comprehenderunt,
642 595 838 636 deinde
877 595 1236 648 longissimos
1273 596 1325 636 id
1357 601 1435 637 est
1463 603 1542 638 te-

57 680 346 718 trametros
371 675 750 723 subdiderunt,
779 675 866 728 qui
890 675 1248 728 appellantur
1274 677 1540 728 quadrati.

56 757 250 798 Postea
306 756 358 795 in
416 755 884 807 consequentibus
938 756 1319 796 variaverunt:
1388 757 1540 797 modo

55 836 187 877 enim
226 835 532 884 trimetros,
575 833 724 874 modo
771 834 962 874 addito
1008 834 1305 888 quadrante
1343 837 1427 876 vel
1466 850 1541 877 se-

54 915 212 956 misse
258 918 581 968 posueram,
624 915 676 954 id
714 919 799 955 est
842 914 1129 967 semipede
1177 913 1412 965 adiecto,
1456 916 1541 956 vel

53 995 275 1048 integro
323 993 463 1046 pede
509 993 679 1034 iambo
717 994 803 1034 vel
842 994 1192 1047 sesquipede.
1260 996 1403 1035 Haeo
1448 1009 1541 1049 per

55 1074 258 1114 medios
297 1077 446 1114 actus
482 1075 646 1114 varie.
706 1073 922 1115 Rursus
961 1074 1014 1114 in
1047 1074 1190 1114 exitu
1230 1073 1540 1117 fabularum

55 1152 368 1206 quadratos,
407 1153 597 1206 quales
627 1153 861 1194 diximus
891 1154 945 1194 in
976 1153 1210 1194 secunda
1240 1166 1417 1204 scena,
1458 1155 1540 1195 lo-

54 1245 179 1274 caru
192 1237 257 1274 nt.
301 1233 418 1286 Quae
448 1233 526 1273 etsi
555 1245 693 1286 neque
723 1233 847 1286 plene
877 1246 1014 1286 neque
1043 1234 1142 1273 satis
1173 1239 1365 1290 accurate
1396 1235 1539 1288 dispu-

53 1316 138 1353 tata
177 1317 303 1362 sunt,
343 1312 424 1352 hoe
454 1317 592 1352 tamen
623 1313 777 1353 docere
816 1313 1030 1362 videntur,
1072 1313 1197 1352 alium
1235 1314 1344 1366 apud
1376 1315 1538 1356 Teren-

55 1394 174 1441 tium,
205 1392 330 1432 alium
359 1392 470 1445 apud
502 1392 778 1433 Menandrum
810 1398 1056 1444 ceterosque
1087 1397 1315 1434 metrorum
1348 1395 1537 1435 ordinem

53 1472 199 1513 fuisse.
259 1471 381 1524 Quod
409 1473 446 1512 si
475 1484 620 1512 verum
649 1475 728 1521 est,
761 1473 884 1512 simul
915 1473 1038 1513 etiam
1068 1473 1174 1512 illud
1204 1473 1465 1526 intelligitur,
1494 1475 1537 1515 in

55 1552 106 1593 iis
136 1563 238 1604 quas
265 1551 381 1590 latini
402 1555 554 1604 poetae
584 1551 636 1591 de
660 1551 821 1604 graecis
850 1556 1065 1592 verterunt
1094 1551 1248 1592 fabulis
1279 1566 1361 1593 non
1393 1554 1539 1594 eadem

55 1630 211 1683 ubique
251 1634 477 1671 metrorum
515 1643 671 1683 genera
708 1631 869 1683 graecis
910 1632 1216 1685 exemplaribus
1252 1635 1539 1686 respundisse.

56 1711 119 1752 Ac
148 1709 365 1750 commode
403 1710 551 1750 accidit
587 1699 634 1750 ut
664 1710 853 1762 exempla
895 1711 984 1751 eius
1012 1711 1076 1750 rei
1105 1711 1173 1751 vel
1203 1712 1329 1752 hodie
1363 1714 1535 1754 demon·

55 1791 188 1831 strare
225 1789 361 1829 liceat.
432 1789 494 1830 Ita
534 1802 637 1842 quos
677 1790 902 1832 Terentius
938 1791 980 1832 in
1012 1790 1192 1845 Adelph.
1223 1792 1259 1833 V
1296 1792 1324 1832 4
1368 1793 1422 1832 12
1459 1806 1536 1847 po-

54 1870 138 1911 suit
165 1869 398 1909 trochaicos
427 1872 718 1910 tetrametros:

109 1961 189 2002 ego
219 1948 293 1989 ille
321 1949 496 2001 agrestis
527 1962 674 1990 saevus
705 1951 837 1991 tristis
867 1963 1016 2003 parcus
1046 1952 1311 1993 truculentus
1343 1957 1480 2003 tenax,

0 2047 1 2067 ;
53 2027 273 2071 Menandri
301 2029 556 2080 respondent
586 2031 787 2071 trimetris
815 2030 1001 2071 iambicis
1029 2044 1071 2084 p.
1101 2032 1150 2072 8:

108 2103 187 2159 ἐγώ
222 2101 266 2146 δ’
300 2101 504 2161 ἄγροικος
532 2102 716 2164 ἐργάτης
746 2105 944 2163 σκυθρὸς
975 2106 1128 2164 πικρός

111 2179 335 2238 φειδωλός.

0 2322 2 2326 ³
57 2267 173 2317 Quae
203 2264 271 2317 qui
299 2266 470 2318 propter
499 2265 687 2306 Terentii
717 2266 856 2306 locum
897 2267 937 2306 in
980 2278 1106 2308 unum
1149 2282 1315 2309 versum
1342 2270 1538 2313 conunxit

57 2344 246 2395 (quaest.
274 2344 398 2385 Arist.
428 2345 447 2385 1
476 2358 517 2398 p.
547 2347 624 2397 80)
655 2346 906 2400 syllabarum
939 2359 1162 2388 mensurae
1205 2350 1376 2390 nimium
1415 2350 1533 2391 incu-

2 2398 9 2456 ὲ
58 2422 191 2462 riosus
226 2421 319 2463 fuit.
386 2424 510 2465 Aliud
547 2440 596 2467 ex
640 2427 786 2467 eadem
840 2426 980 2466 fabula
1019 2429 1252 2481 exemplum
1290 2430 1384 2471 vide
1421 2445 1463 2484 p.
1492 2432 1535 2481 7,

4 2516 11 2542 ε
61 2501 247 2542 Eandem
281 2502 323 2543 in
362 2500 666 2546 transferendis
696 2506 969 2547 Menandreis
1003 2507 1139 2548 Plauti
1168 2509 1297 2550 fuisse
1329 2510 1537 2552 licentiam

5 2595 9 2606 ¹
58 2579 181 2621 docet
208 2581 357 2635 fragm.
391 2583 470 2623 inc.
500 2583 584 2626 fab.
615 2586 790 2626 XXXII.

7 2662 13 2673 ²
170 2661 287 2701 Haec
315 2661 441 2702 habui
471 2676 578 2716 quae
609 2665 662 2704 de
695 2679 799 2705 nova
829 2667 1050 2706 comoedia
1079 2668 1121 2707 in
1154 2669 1393 2708 universum
1426 2669 1538 2709 dice-

9 2741 14 2768 ἲ
57 2746 166 2779 rem.
227 2739 371 2793 ltaque
411 2742 452 2782 in
487 2746 756 2796 sequentibus
786 2746 839 2786 de
869 2749 1004 2800 poetis
1034 2749 1101 2800 qui
1132 2748 1238 2786 hauc
1269 2748 1429 2786 tertiam
1462 2761 1532 2789 eo-
