1702 3190
234 190 320 232 800
607 197 662 228 nn
690 199 846 229 neuun
876 199 1110 229 comnenus
1139 200 1304 230 imnum.

234 299 402 352 Antyllo
440 296 715 351 fragmentum
751 297 859 351 apud
896 299 1047 340 Athen.
1087 299 1147 339 111
1182 312 1224 352 p.
1249 300 1369 340 108⁰
1410 298 1672 343 vehementer

234 378 378 418 dubito
406 389 457 416 an
485 388 568 417 uon
601 381 717 418 recte
745 376 980 418 Dindorfius
1015 378 1191 418 Seidleri
1226 378 1499 420 coniecturam
1528 391 1673 432 sequu-

233 457 302 495 tus
330 454 388 496 ita
416 453 612 495 ediderim

673 523 828 569 οὔποτ’
860 516 999 578 αὖθις

344 606 511 658 σηπίαν
537 602 627 647 ἀπὸ
655 601 845 659 τηγάνου

342 681 612 740 τολμήσαιμι
641 684 798 740 φαγεῖν
824 678 973 738 μόνος.

234 763 320 806 Sed
347 765 399 804 de
427 764 507 803 hoc
534 764 577 802 in
605 763 844 815 fragmentis
874 763 1017 803 dicam.
1073 762 1162 802 Neo
1190 760 1317 813 magis
1346 764 1502 820 certum
1531 761 1676 813 quibus

232 842 414 887 numeris
430 840 627 880 Timoclis
654 839 770 880 locus
798 841 1038 880 scribendus
1067 841 1119 880 sit
1146 840 1189 879 in
1219 840 1359 879 Icariis
1386 840 1496 891 apud
1525 840 1675 880 Athen.

232 918 335 960 V111
371 931 412 971 p.
453 917 590 957 339d.
638 910 830 964 ''Avvrog
877 912 900 955 ὁ
940 913 1077 969 παχὺς
1115 913 1220 969 πρὸς
1249 914 1552 966 ΙΙυθιονίκην
1566 909 1676 956 ὅταν

233 991 383 1035 ἐλθών
410 990 530 1049 φάγῃ
561 1006 619 1035 τι.
674 991 798 1033 καλεῖ
821 990 903 1047 γὰρ
931 988 1080 1041 αὐτόν,
1105 985 1164 1039 ὥς
1193 1005 1355 1046 φασιν,
1384 989 1551 1032 ὁπόταν
1577 988 1678 1040 τοὺς

232 1068 313 1112 δύο
349 1067 594 1126 σκόμβρους
629 1067 772 1125 ξενίσῃ
807 1066 1001 1123 μεγάλως
1034 1067 1676 1122 quope'vn.Cf1-.Hermanni

233 1151 389 1203 Opusc.
420 1150 438 1189 1
467 1163 508 1202 p.
537 1149 607 1189 51.
665 1149 906 1189 Dubitanter
932 1150 1031 1190 item
1060 1150 1188 1189 affero
1217 1134 1319 1189 luiee
1346 1150 1598 1191 Chariclidae
1625 1151 1676 1192 ab

233 1228 386 1274 Athen.
414 1227 495 1269 Vll
522 1240 563 1279 p.
592 1226 674 1266 325
691 1227 717 1266 d
745 1230 925 1266 servata:

342 1298 550 1347 Δέσποιν’
579 1298 743 1343 ‘Excitet
772 1301 956 1358 τριοδῖτι
983 1299 1194 1358 τρίμορφε
1221 1298 1507 1358 τριπρόσωπε,
1540 1311 1542 1314 ·

342 1377 536 1435 τρίγλαις
561 1378 812 1433 κηλευμένα.

235 1460 352 1512 Quae
386 1460 499 1501 varie
540 1460 731 1499 constitui
769 1461 954 1512 possunt.
1025 1458 1205 1498 Maxime
1243 1462 1379 1498 autem
1414 1458 1679 1501 memorabile

233 1539 298 1577 est
334 1536 458 1576 etiam
493 1536 734 1588 Eupolideis
778 1536 964 1577 versibus
998 1535 1368 1589 polyschematistis
1415 1536 1573 1576 mediae
1608 1547 1678 1575 co-

232 1596 423 1655 moediae
450 1618 594 1666 poetas
623 1625 719 1653 usos
750 1626 855 1654 esse.
911 1614 1144 1654 Athenaeus
1173 1613 1211 1652 X
1238 1626 1279 1665 p.
1312 1614 1396 1653 417
1412 1627 1449 1654 e.
1477 1613 1675 1665 appositis

232 1691 388 1733 Eubuli
416 1690 571 1742 Diphili
609 1694 650 1730 et
678 1691 950 1732 Mnesimachi
987 1691 1039 1730 de
1067 1691 1331 1731 Boeotiorum
1368 1691 1589 1731 voracitate
1615 1693 1679 1730 te-

232 1769 449 1820 stimonii8‚
476 1768 580 1810 haec
609 1768 756 1809 infert:
776 1763 953 1818 ”Αλεξις
986 1759 1245 1826 Τροὲρωνίῳ·

610 1843 690 1885 νῦν
718 1839 856 1885 δ’ἵνα
883 1843 944 1899 μὴ
975 1825 1194 1891 ιταντελῶς
1219 1839 1430 1884 Βοιώτιοι

343 1917 574 1978 φαίνησθ’
604 1913 718 1962 εἶναι
745 1921 836 1970 τοῖς
864 1917 1085 1977 διασύρειν
1113 1917 1225 1974 ὑμᾶς
1253 1917 1557 1976 εἰθισμένοις,’·

342 1996 400 2048 ὥς
428 1995 626 2050 ἀνίκητοί
653 2013 697 2041 τε
727 1998 841 2053 βοᾶν
868 1998 962 2039 ἐστὲ
989 1999 1064 2039 καὶ
1091 1999 1239 2040 πονεῖν
1265 1996 1404 2053 μόνον

343 2075 418 2118 καὶ
447 2075 633 2118 δειπνεῖν
660 2074 939 2132 ἐπιστάμενοι
967 2074 1042 2118 διὰ
1068 2076 1214 2126 τέλους
1243 2075 1323 2127 τὴν
1349 2073 1480 2131 νύχθ’
1503 2069 1623 2128 ὅλην,

328 2151 570 2209 γυμνοῦθ’
604 2151 763 2203 αὐτοὺς
780 2154 955 2196 θᾶττον
983 2149 1183 2203 ἅπαντες.

235 2235 352 2286 Quae
378 2247 446 2275 res
473 2238 557 2275 tam
585 2235 683 2276 mihi
712 2235 892 2274 insolens
921 2236 1019 2275 olim
1048 2236 1134 2275 visa
1162 2235 1245 2282 est,
1281 2235 1327 2272 ut
1355 2233 1535 2274 Alexidis
1563 2215 1693 2273 testi&

233 2314 416 2354 monium
457 2314 675 2363 excidisse,
724 2325 867 2353 versus
905 2317 1042 2353 autem
1078 2312 1171 2351 illos
1207 2324 1258 2352 ex
1292 2311 1577 2363 Aristophanis
1609 2308 1681 2351 vet

234 2392 389 2432 Cratini
411 2391 649 2444 Trophonio
679 2392 832 2444 petitos
861 2403 952 2430 esse
983 2390 1265 2430 existimarem.
1294 2389 1387 2429 Sed
1414 2402 1463 2429 ea
1491 2391 1533 2428 et
1559 2387 1682 2428 valdus

234 2468 390 2510 incerta
429 2473 493 2510 est
521 2469 754 2510 coniectura
791 2472 833 2509 et
863 2482 952 2509 eam
982 2481 1145 2521 quoque
1172 2468 1224 2507 ob
1255 2479 1415 2507 causam
1442 2466 1554 2506 haud
1581 2465 1678 2507 satin

235 2548 587 2597 commendabilis,
629 2548 738 2600 quod
784 2561 866 2588 non
903 2546 1099 2586 credibile
1134 2547 1196 2585 est
1231 2545 1488 2585 Athenaeum
1526 2543 1674 2583 veteris

235 2625 471 2665 comoediae
506 2630 655 2677 poetae
692 2625 970 2666 testimonium
997 2623 1187 2675 reliquis,
1222 2635 1328 2675 quae
1367 2623 1501 2663 attulit
1514 2651 1530 2672 „
1564 2618 1672 2674 p'ost-

234 2703 437 2757 posuisse.
469 2702 646 2745 Accedit
674 2703 784 2757 quod
811 2716 865 2744 ne
890 2715 1022 2745 novae
1048 2700 1213 2754 quidem
1241 2701 1476 2743 comoediae
1503 2699 1672 2752 scripto*-
