1702 3190
651 126 903 160 ucmrrns.
1419 113 1508 157 2⁰9

24 224 263 287 χρημάτων
299 223 534 282 ἐπήβολος.
603 230 665 272 ita
700 229 812 272 enim
850 227 1075 282 legendum
1111 240 1206 270 esse
1242 239 1322 282 pro
1349 222 1507 270 Πλου-

28 310 117 353 τιὸν
151 309 233 351 νῦν
269 304 480 363 ἐγενόμην
517 309 660 351 monui
703 309 825 350 Curis
865 309 956 349 crit.
993 320 1037 361 p.
1075 307 1146 349 48.
1213 307 1281 349 Ad
1317 307 1505 351 eiusdem

29 391 207 434 hominis
255 389 417 430 divitias
464 393 652 443 spectant
696 389 821 428 etiam
857 380 1214 440 πλατυπόρφυγα
1257 381 1414 440 ἱμάτια
1453 401 1505 430 ex

28 470 108 512 hac
136 471 277 510 fabula
307 483 331 509 a
360 469 535 510 Polluce
564 469 643 510 Vll
672 468 892 508 ‹ia-allata.
957 469 1109 508 Cetera
1145 465 1378 519 fragmenta
1406 468 1504 509 vide

29 550 140 605 apud
168 549 441 590 Scholiastam
471 546 759 599 Aristophanis
785 547 863 587 Av.
895 546 1022 597 1647,
1058 546 1187 600 Vesp.
1215 544 1302 585 416
1331 549 1375 586 et
1402 545 1503 587 1²01-

29 629 164 670 lucem
194 629 233 669 X
263 629 358 668 136.
1066 676 1079 689 ὑ

136 707 326 758 Denique
365 698 586 744 Ῥίνωνι
620 700 812 753 fabulae,
850 704 901 744 ab
938 703 1157 746 Athenaeo
1184 701 1265 745 XV
1300 715 1343 756 p.
1374 701 1503 745 6780

24 787 70 827 et
97 786 270 826 Polluce
298 785 340 825 11
368 784 466 824 183.
508 783 587 826 Vll
619 783 716 823 199.
753 783 792 823 Χ
823 783 908 824 177
939 786 1310 833 commemoratae,
1346 795 1501 826 nomen

24 858 202 906 fortasse
238 865 288 905 ab
318 864 391 904 illo
420 863 617 903 Rhinone
645 862 821 902 inditum
857 863 938 903 fuit
974 875 1098 916 quem
1136 862 1275 903 soluto
1306 862 1503 914 quadrin-

23 948 242 998 gentorum
269 943 446 996 imperio
486 942 528 981 in
560 941 706 981 decem
746 942 829 983 illis
859 942 1122 996 praetoribus
1151 945 1374 982 numerant
1411 941 1502 982 Iso-

23 1026 158 1065 crates
194 1036 230 1064 c.
262 1023 423 1063 Gallim.
464 1035 506 1074 p.
536 1021 620 1061 446
652 1021 780 1061 Bekk.
821 1024 862 1059 et
891 1019 1139 1062 Heraclides
1179 1020 1303 1062 Polit.
1341 1034 1384 1074 p.
1414 1021 1501 1062 502

23 1101 145 1155 cmg.
184 1102 256 1142 ubi
291 1096 408 1155 ἀνὴρ
446 1095 578 1146 καλὸς
616 1093 823 1152 κάγαθὸς
861 1098 1026 1140 dicitur.
1090 1100 1294 1141 Eiusdem
1331 1101 1500 1142 nomine

22 1181 243 1234 inscriptus
272 1180 486 1220 ferebatur
516 1179 704 1232 dialogus
734 1179 953 1220 Aeschinis
983 1179 1207 1228 Socratici,
1245 1185 1501 1222 memoratus

22 1259 95 1302 ille
130 1259 306 1313 Diogeni
341 1260 479 1299 Laert.
510 1259 551 1299 ΙΙ
579 1259 607 1299 7
644 1263 687 1299 et
719 1259 882 1299 Polluci
926 1258 1007 1300 V11
1038 1259 1135 1299 103.
1202 1258 1290 1299 Cfr.
1331 1260 1500 1312 Harpo-

23 1339 151 1381 oratio
181 1352 224 1391 p.
256 1338 338 1378 164
367 1338 437 1379 13.
504 1338 652 1391 Neque
689 1337 742 1378 ad
780 1338 905 1381 alium
946 1340 1138 1391 spectare
1169 1338 1366 1379 videntur
1392 1338 1500 1380 haec

21 1417 184 1462 Photii:
207 1411 388 1466 ‘Plutum
418 1411 564 1469 ὄνομα
593 1412 758 1472 κύριον.

133 1498 331 1538 Ceterum
366 1497 479 1538 haud
516 1496 732 1550 indignum
763 1499 828 1537 est
856 1497 1088 1536 memoratu
1115 1493 1248 1536 fuisse
1278 1495 1350 1548 qui
1380 1499 1499 1550 quat-

21 1578 117 1619 tuor
153 1576 316 1618 fabulas
355 1577 398 1617 iu
437 1576 755 1629 Aristophaneis
791 1575 976 1624 habitas,
1027 1575 1229 1616 Poesin
1269 1575 1309 1617 N
1318 1575 1498 1616 aufra-

21 1639 134 1712 ¹gum
172 1656 384 1697 Insulas
422 1660 464 1696 et
494 1657 738 1706 Niobam,
774 1656 989 1708 Archippo
1020 1655 1267 1695 tribuerent.
1325 1656 1498 1708 Anony-

21 1748 112 1780 mus
147 1737 190 1778 in
219 1736 302 1777 vita
329 1734 623 1788 Aristophanis
660 1750 702 1789 p.
731 1733 953 1777 XXXVIll
996 1728 1164 1788 ἔγραψε
1203 1731 1250 1774 δὲ
1288 1731 1498 1790 δράματα

23 1811 110 1873 μδ,
147 1805 212 1856 ὦν
248 1809 522 1866 ἀντιλέγεται
563 1812 758 1870 τέσσαρα
787 1808 847 1862 ώς
883 1808 963 1853 οὐκ
991 1808 1102 1852 ὄντα
1133 1807 1286 1856 αὐτοῦ.
1323 1811 1418 1856 ἔστι
1448 1813 1496 1857 δὲ

23 1893 177 1947 ταῦτα,
205 1889 413 1943 Ποίησις,
443 1888 669 1946 Ναυαγός,
702 1891 864 1943 Νῆσοι,
893 1889 1056 1945 Νἱοβις
1085 1893 1348 1944 (Dindorfius
1379 1890 1494 1936 Nio-

24 1971 143 2029 βις),
182 1966 216 2014 ἅ
239 1984 354 2021 τινες
382 1968 560 2028 ἔφασαν
589 1963 704 2013 εἶναι
732 1970 812 2014 τοῦ
846 1967 1117 2027 Ἀρχίππου.
1183 1974 1345 2015 Harum
1374 1974 1497 2017 fabu-

21 2055 152 2097 larum
189 2066 294 2107 quae
330 2047 543 2106 Ναυαγός
581 2054 649 2094 vel
677 2052 755 2101 Δὶς
794 2047 991 2105 ναυαγὸς
1027 2051 1225 2105 inscripta
1261 2053 1343 2094 fuit
1381 2055 1496 2097 nulla

21 2137 242 2187 supersunt
268 2131 524 2185 fragmenta,
562 2134 640 2174 nisi
670 2133 783 2174 sorte
821 2133 932 2185 apud
960 2133 1122 2172 Polluc.
1150 2131 1190 2172 X
1220 2131 1290 2182 33,
1326 2134 1379 2174 de
1410 2146 1494 2186 quo

20 2212 117 2252 loco
145 2211 239 2250 vide
267 2210 471 2250 Dindorfii
499 2212 666 2263 Fragm.
696 2210 823 2252 Arist.
851 2224 894 2263 p.
923 2209 1022 2250 154.
1052 2204 1219 2259 Νήσων
1248 2215 1292 2251 et
1319 2206 1496 2264 Νιὸβου

22 2289 220 2341 reliquias
246 2289 358 2328 idem
389 2290 559 2343 collegit
588 2303 632 2342 p,
663 2289 747 2329 130
777 2293 819 2329 et
848 2289 932 2329 154
960 2301 1051 2342 sqq.
1109 2289 1241 2342 Quam
1269 2294 1493 2343 praeterea

22 2367 239 2411 Fabricius
265 2367 476 2420 Archippo
505 2368 650 2407 tribuit
677 2367 860 2408 fabulam
896 2361 1085 2416 ‘Inmfffi
1126 2382 1218 2409 eam
1249 2382 1300 2410 ex
1331 2364 1491 2424 Ἰχθύ-

24 2458 98 2488 σιν
132 2449 368 2499 corruptam
407 2458 501 2486 esse
537 2446 639 2487 vidit
674 2447 851 2488 Casaub.
896 2444 948 2486 ad
987 2445 1139 2489 Athen.
1177 2447 1235 2490 v1
1271 2461 1314 2502 p.
1355 2451 1441 2491 227
1452 2464 1490 2492 a.

22 2527 211 2579 Denique
233 2525 371 2566 Sevini
400 2531 678 2567 commentum
707 2528 757 2567 ab
778 2526 971 2567 Hal-lesio
1001 2533 1380 2579 commemoratum,
1410 2530 1491 2571 Ar-

0 2605 206 2649 *eunuchi
242 2605 349 2656 (sive
378 2604 516 2658 potius
551 2606 793 2659 Dinolochi)
823 2605 1058 2665 Telephum
1094 2607 1204 2660 apud
1242 2607 1395 2650 Athen.
1426 2605 1488 2647 111

59 2694 171 2733 flin-
194 2694 278 2732 crit«
295 2694 398 2729 Com.
422 2704 539 2738 graec.
763 2732 765 2735 Α
1163 2684 1219 2727 14
