1702 3190
228 127 313 169 464
688 135 976 166 arottononus
1013 135 1245 167 cursuve.

229 250 311 281 uon
341 237 489 277 habeo.
545 233 768 287 Corrigunt
791 230 926 290 Ἕνεᾷ
953 238 996 275 et
1024 234 1077 274 de
1114 237 1254 274 muta
1291 231 1519 275 muliere
1546 233 1672 282 inter?

227 318 455 368 prematur,
484 313 595 354 nulla
625 326 717 353 cum
745 313 926 354 veritatis
954 312 1112 364 specie3
1141 324 1219 351 nec
1245 313 1391 352 melius
1415 305 1572 365 Ἱερείᾳ
1595 311 1693 362 Gan<

176 414 182 421 ›-
228 393 434 449 saubouus
463 391 514 431 ad
541 391 798 431 Athenaeum
827 404 868 443 p.
897 391 979 430 243
998 391 1038 431 b.
1102 389 1247 430 Paullo
1284 389 1508 442 speciosius
1547 388 1698 442 conii-tq„

230 471 313 511 cias
355 464 567 509 Ἐνναίαν
594 470 867 509 mulierem
900 470 1157 508 Ennaeam
1188 467 1255 507 vel
1283 463 1460 520 Νεμέαν
1487 466 1693 514 meretri-⁵<

230 561 319 590 cem
348 548 511 608 fabulae
543 560 692 587 nomen
720 546 1003 598 impertivisse.
1682 592 1683 597 ¹

341 611 555 677 Heossra
602 624 704 664 nulli
743 627 929 663 veterum
965 622 1209 674 scriptorum
1245 626 1558 662 commemorata
1591 622 1696 674 Te„

228 704 352 744 rentii
381 703 605 745 imitatione
634 701 845 741 nobilitata
875 703 950 741 est.
1007 699 1099 751 Ipse
1130 699 1293 751 quidem
1314 699 1534 739 Terentius
1550 700 1698 752 Αροῑ-ἐπ

229 779 364 819 lodori
392 791 540 819 nomen
571 778 718 827 tacuit;
747 778 883 822 nihilo
906 777 1038 817 minus
1066 789 1134 816 res
1163 780 1275 816 certa
1305 779 1367 815 est
1396 789 1446 816 ex
1475 777 1567 817 Vita
1592 777 1696 834 Ten

228 856 350 896 rentii
379 855 542 895 a.Maio
574 855 682 894 edita
710 867 751 906 p.
781 854 849 894 38.
894 853 1230 894 Cfr.Petrarcam
1243 853 1325 894 vit.
1343 854 1440 892 Ter.
1461 854 1697 907 apudWeffii

229 934 470 975 nterhofium
499 933 579 973 vol.
610 932 629 972 1
669 945 710 984 p.
739 931 895 973 XXXV
933 935 974 970 et
1011 935 1195 970 veterem
1225 930 1482 971 didascaliam
1513 932 1693 988 Teren-5

228 1013 364 1052 tianae
403 1011 569 1051 fabulae
610 1009 895 1062 praemissam:
944 1012 1053 1047 tota
1093 1020 1287 1060 graeca
1336 1009 1693 1067 Apollodorug.

159 1116 166 1123 ·
229 1091 299 1132 Sic
329 1091 436 1130 enim
465 1090 507 1129 in
537 1087 712 1139 antiquis
743 1085 1040 1138 exemplaribus
1068 1086 1264 1138 scriptum
1290 1087 1474 1139 repperit
1503 1087 1678 1140 Pighius
1685 1125 1694 1145 4

138 2053 148 2061 ,
227 2036 349 2077 quam
386 2023 639 2064 transtulerit
676 2022 856 2062 fabulam
890 2022 926 2062 Ε
937 2036 963 2074 p
974 2021 988 2060 i
999 2022 1025 2061 d
1036 2023 1050 2062 i
1061 2036 1143 2062 caz
1154 2036 1177 2062 o
1188 2036 1228 2063 m
1241 2036 1264 2063 e
1274 2035 1300 2062 n
1310 2034 1333 2062 o
1343 2034 1370 2061 n
1408 2020 1557 2060 dictam
1584 2023 1692 2082 ess*

227 1168 375 1211 Annal.
405 1167 463 1207 Xl
490 1178 533 1219 p.
562 1165 659 1214 392,
690 1177 771 1204 non
798 1169 845 1203 ut
874 1164 998 1204 hodie
1028 1163 1182 1203 editur:
1210 1166 1318 1203 tota
1345 1177 1538 1218 graeca
1566 1166 1691 1212 Mer

228 1246 446 1287 nandru.
521 1243 742 1284 Terentius
791 1255 911 1294 quam
957 1255 1099 1294 presse
1135 1254 1327 1294 graecum
1366 1244 1571 1296 exemplar
1609 1256 1702 1292 seq,i

229 1328 379 1377 quutus
407 1324 461 1363 sit
489 1322 555 1361 vel
583 1320 743 1360 initium
768 1319 930 1359 fabulae
960 1333 983 1359 a
1011 1320 1169 1359 Donato
1200 1324 1404 1360 servatum
1434 1321 1567 1362 docet.
1602 1321 1702 1369 Al„

227 1405 317 1442 tera
346 1400 505 1448 fabula,
545 1411 666 1450 quam
694 1398 738 1436 in
769 1397 1017 1436 Phormione
1046 1397 1244 1448 expressit
1277 1398 1518 1448 Terentius,
1548 1399 1702 1451 Apol-2

227 1478 396 1520 lodorus
421 1468 908 1527 Ἕπιδικαζόμενος
930 1474 1203 1526 inscripserat.
1235 1475 1455 1518 Terentius
1469 1476 1580 1517 Prol.
1595 1474 1702 1526 2521„

1002 1552 1188 1605 Adporto
1217 1566 1380 1604 novam,

392 1632 766 1686 Epidicazomenon
796 1642 916 1683 quam
945 1634 1092 1670 vocant
1118 1631 1374 1673 comoediam

393 1724 557 1765 graece,
587 1710 714 1750 latine
743 1709 1034 1749 Phormionem
1063 1710 1290 1759 nominant,
1667 1662 1683 1767 Ξ

393 1790 492 1847 quia¹
515 1790 666 1842 primas
695 1791 831 1840 partes
861 1787 931 1839 qui
959 1790 1066 1840 aget,
1094 1788 1130 1828 is
1160 1789 1239 1828 erit
1268 1786 1463 1828 Phormio
1660 1792 1682 1844 s}

393 1868 607 1920 parasitus,
636 1879 712 1919 per
741 1878 863 1918 quem
891 1878 959 1906 res
984 1870 1157 1918 ⁴geretur
1184 1866 1371 1906 maxime.
1662 1876 1694 1922 ς

227 1946 311 1987 Ubi
346 1945 529 1986 Donatus
566 1945 700 1998 gravis
737 1944 889 1984 erroris
926 1945 1166 1985 Terentium
1191 1946 1390 1984 ‘accusatz
1427 1941 1534 1982 hanc
1568 1940 1687 2017 eniw

226 2114 250 2142 a
278 2101 415 2154 puella
453 2101 505 2140 de
535 2114 613 2154 qua
650 2100 845 2141 iudicium
876 2102 959 2149 est3
997 2100 1115 2141 aliam
1147 2114 1240 2142 esse
1274 2100 1556 2152 Epidicazo
1570 2096 1692 2160 meffissq¹

226 2192 324 2221 non
368 2179 554 2220 eiusdem
591 2177 856 2231 Apollodori:
894 2177 1085 2218 debuisse
1124 2191 1223 2232 ergo
1267 2179 1406 2219 dicere
1435 2176 1685 2236 Terentiuq

226 2258 642 2311 Epidicazomen
656 2270 728 2297 en.
785 2257 878 2296 Hoc
907 2256 1055 2295 Donati
1082 2257 1316 2296 testimonio
1346 2256 1523 2296 confisus
1550 2254 1693 2323 Beutss'

226 2336 331 2376 leius
360 2336 565 2387 antiquam
602 2335 821 2374 lectionem
857 2335 892 2374 E
904 2348 930 2386 p
942 2334 956 2373 i
970 2334 1019 2374 di
1031 2346 1084 2374 ca
1095 2348 1117 2374 z
1130 2347 1154 2374 o
1165 2347 1205 2374 m
1215 2348 1237 2375 e
1249 2348 1274 2375 n
1285 2347 1309 2374 ο
1319 2347 1346 2374 ιι
1356 2361 1368 2383 ,
1405 2346 1526 2386 quam
1562 2331 1693 2391 ten*

228 2414 352 2453 etiam
393 2417 511 2453 vetus
553 2412 770 2452 didascalia
814 2412 998 2452 Terentii
1039 2415 1124 2452 «to
1138 2416 1186 2452 ta
1229 2425 1286 2465 gr
1298 2426 1321 2452 a
1331 2425 1355 2452 e
1369 2424 1423 2452 ca
1459 2412 1530 2463 Ap
1542 2422 1565 2450 o
1576 2410 1589 2448 l
1599 2409 1674 2466 loa
1686 2397 1702 2451 3

228 2490 359 2530 doru
395 2491 735 2543 Epidicazom
750 2504 810 2531 en
824 2501 939 2540 os»,
986 2489 1200 2530 exturbare
1230 2490 1400 2542 eiusque
1428 2489 1519 2529 loco
1548 2484 1702 2562 Ephe}

228 2568 279 2609 di
290 2580 376 2608 caz
396 2580 420 2607 o
433 2581 472 2608 m
484 2581 508 2608 e
520 2581 616 2608 nen
651 2569 807 2609 inferre
846 2580 930 2608 uon
965 2567 1175 2607 dubitavit.
1241 2568 1369 2608 «Non
1408 2568 1492 2615 est,
1528 2561 1702 2629 inquitjtjq

227 2658 253 2687 «
262 2645 374 2698 quod
399 2657 492 2686 cum
519 2647 679 2688 Donato
708 2647 860 2688 erroris
889 2657 1105 2700 arguamus
1133 2645 1374 2712 Terentium
1384 2673 1398 2696 ,
1430 2656 1523 2685 cum
1550 2636 1702 2712 facile}
1688 2652 1702 2684 i.

1672 2781 1675 2803 α

1672 2810 1675 2846 Ι

1667 2871 1674 3017 ἱ
1698 2951 1699 2954 ,

1663 3019 1702 3190 ἐι
