1702 3190
616 147 912 176 meon-nnus.
1416 129 1502 172 847

0 227 2 240 ἱ
27 255 111 300 vol.
141 254 160 296 1
190 267 231 307 p.
248 250 347 302 675,
376 250 577 303 optimum
606 261 702 290 eum
730 247 861 288 fuisse
889 246 1134 287 histrionem
1164 238 1420 300 (κωμῳδίας
1443 231 1503 295 ἦν

28 327 259 388 ὑποκριτὴς
288 327 430 370 δοκιῦν
458 324 673 368 κάλλιστα
701 321 1059 381 ὑποκρίνεσθαι)
1091 326 1195 364 adeo
1227 324 1416 377 quidem,
1452 327 1501 366 ut

0 414 96 463 {vel
119 411 326 466 proverbii
356 411 449 450 loco
491 410 647 448 dictum
684 406 833 455 fuerit,
874 399 953 456 ἐγώ
993 398 1166 452 ποιήσω
1204 399 1351 442 πάντα
1386 394 1503 442 κατὰ

28 485 351 544 Νικόστρατον,
381 490 451 541 qui
481 488 590 528 haud
621 487 744 526 dubie
775 483 921 524 comici
950 487 1099 536 poetae
1127 495 1271 522 versus
1302 487 1388 532 est,
1418 484 1503 526 hoe

27 571 155 624 igitur
185 570 308 609 unice
335 569 488 610 Suidae
527 567 661 607 errori
691 565 868 604 debetur
897 563 1083 603 diversos
1113 561 1370 603 Nicostratos
1401 576 1501 605 con-

0 641 2 649 ’
27 648 256 691 fundentis.
324 648 364 687 Is
403 647 511 687 enim
538 645 717 697 tragicus
747 645 862 682 actor
889 641 970 681 fuit
999 641 1179 693 vixitque
1208 647 1304 682 aute
1335 642 1502 696 Olymp.

29 729 119 777 XC,
160 730 207 766 nt
243 730 403 766 constat
438 739 488 764 ex
525 726 578 764 iis
610 737 716 775 quae
744 721 870 761 tradit
897 720 1133 773 Xenophon
1163 721 1306 774 Symp.
1337 722 1400 764 111
1430 723 1502 765 11.

27 805 115 848 cfr.
147 804 394 844 Plutarchus
436 803 543 855 Opp.
575 803 685 843 Mor.
724 815 765 854 p.
795 801 879 840 348
919 801 967 841 F.
996 800 1186 852 Append.
1219 802 1351 842 Vatic.
1382 801 1402 842 1
1431 802 1503 853 65,

25 883 225 931 Βεονειὼ.
256 882 382 924 Coisl.
412 896 454 936 p.
485 882 582 931 132,
614 880 886 921 Philodemus
916 880 958 921 in
975 879 1140 920 Volum.
1169 879 1343 922 Hercul.
1367 882 1504 924 Oxou.

28 963 112 1004 vol.
142 962 183 1002 ll
226 974 267 1014 p.
297 962 366 1002 16.
434 961 587 1002 Suidae
624 973 742 1000 error
781 959 947 1012 decepit
977 958 1101 998 etiam
1131 959 1419 1012 Spaldingium
1448 962 1502 1003 ad

26 1042 198 1097 Quintil.
229 1041 248 1081 1
287 1054 329 1093 p.
359 1041 443 1080 309
482 1046 524 1080 et
553 1039 855 1081 Schneiderum
893 1038 944 1078 ad
973 1038 1266 1090 Xenophontis
1296 1041 1440 1094 Symp.
1470 1040 1500 1083 l.

24 1121 53 1164 l.
93 1135 135 1175 p.
167 1121 265 1160 199.
338 1119 455 1161 Alius
490 1120 592 1160 item
631 1123 695 1159 est
732 1119 992 1159 Nicostratus
1032 1119 1256 1158 Thebanus
1291 1116 1503 1176 κωμῳδὸς

23 1201 68 1242 in
97 1200 217 1240 titulo
246 1198 356 1252 apud
386 1198 642 1239 Boeokhium
667 1199 793 1250 Corp.
812 1198 940 1237 lnscr.
974 1196 992 1236 1
1022 1210 1064 1250 p.
1079 1198 1177 1238 763.
1237 1199 1328 1239 Nec
1365 1201 1503 1242 minus

26 1293 52 1320 a
77 1284 218 1320 nostro
248 1278 435 1318 diversus
466 1291 559 1318 esse
588 1278 752 1318 videtur
771 1279 807 1317 is
826 1290 949 1330 quem
980 1283 1276 1318 commemorat
1292 1279 1503 1332 Diogenes

24 1359 163 1407 laert.
194 1357 253 1399 lv
282 1358 351 1398 18.
409 1351 717 1411 Νικοστράτου
757 1354 864 1408 γοῦν
893 1369 1013 1404 ποτε,
1043 1354 1123 1395 τοῦ
1153 1355 1501 1412 ἐπικαλουμένου

23 1431 425 1491 Κλυταιμνήστρα,
463 1431 844 1488 ἀναγινώσκοντός
881 1449 924 1475 τι
961 1435 1040 1476 τοῦ
1077 1435 1265 1486 ποιητοῦ
1299 1434 1420 1496 αὐτῷ
1455 1453 1502 1480 τε

26 1517 302 1571 (Polemoni)
342 1514 419 1555 καὶ
463 1511 688 1568 Κράτητι,
738 1513 817 1556 τὸν
866 1517 948 1570 μὲν
990 1513 1380 1557 συνδιατίθεσθαι
1423 1516 1505 1559 τὸν

27 1592 172 1638 δ’ἴσα
209 1593 286 1636 καὶ
321 1591 374 1634 τὸ
411 1592 474 1648 μὴ
512 1589 722 1645 ἀκοῦσαι,
760 1597 831 1637 ubi
866 1597 1085 1639 Fabricius
1123 1597 1323 1639 Biblioth.
1355 1598 1430 1640 Gr.
1461 1600 1503 1641 11

26 1690 71 1732 p.
99 1676 184 1717 472
219 1679 405 1716 nostrum
435 1677 638 1717 comicum
676 1677 836 1718 laudari
865 1676 943 1716 sibi
972 1677 1202 1729 persuasit3
1243 1680 1401 1719 rectius
1437 1681 1503 1721 iu-

30 1757 247 1810 telligatur
272 1756 308 1795 is
338 1756 454 1795 euius
472 1756 509 1797 Τ
512 1756 682 1796 heseida
710 1757 851 1797 laudat
865 1757 1075 1809 Diogenes
1104 1756 1176 1796 lib.
1191 1756 1231 1797 11
1259 1757 1330 1807 59,
1360 1771 1504 1811 quam-

30 1850 152 1893 quam
181 1837 239 1876 ibi
267 1835 336 1875 alii
364 1836 460 1875 libri
489 1836 644 1876 habent
670 1830 1016 1889 ΙΙυθόστραῑ-ος.

142 1916 208 1957 Ad
244 1915 405 1956 fabulas
441 1916 519 1956 viri
555 1916 666 1968 quod
713 1916 881 1964 attinet,
932 1916 1112 1969 primum
1161 1928 1244 1955 non
1286 1915 1504 1969 indignum

30 1999 259 2038 memoratu
289 2001 375 2045 est,
414 1996 612 2036 nonnulla
636 1996 725 2035 eius
756 1995 939 2034 dramata
968 1994 1026 2034 ita
1055 1995 1215 2035 laudari
1246 2009 1267 2034 a
1298 2010 1505 2049 gramma-

32 2075 147 2124 ticiS,
182 2079 229 2115 ut
263 2075 314 2114 ab
351 2075 442 2115 aliis
471 2075 732 2124 Philetaero,
768 2087 890 2127 quem
927 2074 1228 2115 Dicaearchum
1264 2089 1341 2128 pro
1378 2078 1505 2117 tertio

32 2153 320 2205 Aristophanis
347 2153 435 2192 filio
464 2154 659 2194 habuisse
688 2167 812 2206 supra
843 2154 1039 2203 vidimus,
1071 2156 1225 2195 tributa
1263 2155 1394 2194 fuisse
1432 2169 1506 2208 ap-

4 2214 11 2300 }
34 2235 191 2284 pareat.
247 2231 310 2270 Ex
340 2229 421 2270 hoc
450 2244 607 2283 genere
634 2232 715 2272 fuit
741 2231 882 2271 fabula
909 2226 1160 2280 ’‘Avrvuog
1187 2234 1409 2285 iuscripta,
1451 2234 1506 2274 do

5 2301 11 2371 ᾖ
38 2321 119 2361 qua
152 2308 246 2348 vide
274 2309 534 2351 Athenaeum
565 2312 627 2352 111
664 2325 707 2364 p.
739 2312 871 2352 10812.
910 2312 994 2351 118
1011 2325 1049 2361 e,
1089 2326 1140 2352 ex
1179 2326 1261 2366 quo
1289 2314 1505 2366 probabile

5 2373 9 2432 ξ
37 2388 89 2428 fit
125 2388 247 2428 etiam
287 2401 337 2428 ea
372 2402 477 2441 quae
512 2392 665 2431 omisso
702 2391 870 2431 fabulae
905 2393 1058 2433 indicio
1096 2393 1205 2445 apud
1243 2393 1503 2434 Athenaeum

6 2475 8 2523 5
39 2466 83 2507 11
110 2478 152 2519 Ρ.
183 2465 238 2506 65
258 2466 285 2506 d
312 2469 520 2522 leguntur,
551 2484 599 2510 ex
631 2471 780 2510 eodem
810 2472 993 2511 dramate
1010 2473 1140 2524 petita
1170 2485 1276 2513 esse.
1334 2474 1419 2514 Sed
1450 2474 1505 2514 de

6 2564 12 2592 ;.
39 2545 124 2586 hoe
153 2545 362 2588 admonuit
388 2549 470 2590 iam
498 2550 932 2604 Schweighaeuserus.
997 2551 1203 2593 Athenaei
1241 2553 1334 2594 loca
1368 2554 1503 2606 respi-

5 2647 12 2686 ᾗ
41 2625 154 2666 ciens
182 2626 331 2668 Suidas
358 2640 392 2669 ε.
420 2642 460 2670 ν.
485 2625 788 2685 Νικόστρατος
821 2631 879 2673 ita
906 2630 1072 2672 scribit:
1109 2629 1223 2683 λέγει
1261 2630 1308 2672 δὲ
1338 2632 1504 2683 (Athe-

7 2734 12 2741 ι
41 2707 190 2758 meus)
220 2697 290 2746 ὅτι
317 2701 521 2762 δράματα
548 2705 689 2750 αὐτοῦ
708 2707 803 2751 ἐστι
814 2705 1056 2767 Πάνδαρος
1083 2706 1108 2752 ὁ
1137 2710 1213 2752 καὶ
1240 2706 1504 2760 ''Anni-209,
