1702 3190
236 156 322 199 m
823 167 1112 197 mooun-mue.

234 265 366 322 χωρὶς
404 261 484 306 τοῦ
512 263 542 305 ι’
566 259 828 318 ”Αρχιππος,
866 264 940 305 καὶ
981 261 1178 320 ’Λραρώς
1213 262 1375 319 ἔῳθας.
1441 269 1527 311 Cfr.
1557 268 1674 315 Phot.

239 357 274 386 ε.
303 358 342 385 v.
371 338 539 390 ἐωθως.

350 420 668 461 Nlcos'rRA'l
673 419 754 459 US.
811 420 934 459 Hunc
968 419 1098 459 fuisse
1139 421 1206 472 qui
1246 423 1411 462 tertium
1441 423 1677 475 Aristopha-

236 498 300 540 nis
328 499 458 538 tilium
487 497 765 550 perhiberent,
796 497 915 537 docet
928 498 1160 549 Anonymus
1175 499 1255 539 Vit.
1271 500 1392 539 Arist.
1412 513 1451 551 p.
1464 501 1678 542 XXXVIII

237 580 281 617 et
309 576 489 616 Thomas
519 576 630 626 Mag.
660 587 700 626 Ρ.
730 574 816 623 XL,
854 575 970 614 cuius
1005 576 1234 615 sententiae
1271 581 1412 616 auctor
1446 577 1526 616 fuit
1553 577 1678 628 Apol·

235 653 427 702 ladon-us,
456 651 729 701 Dicaearcho,
760 665 882 704 quem
913 657 1138 703 sequuntur
1166 654 1311 693 Suidas
1341 667 1372 693 s.
1402 668 1440 694 v,
1475 651 1678 694 Φιλέταιε·

234 744 310 787 ρος
347 736 389 771 et
425 731 585 770 Eudoc.
630 743 670 781 p.
718 729 815 778 426,
859 730 1136 770 Philetaerum
1186 733 1350 771 tertium
1396 732 1677 783 Aristophani·

234 811 365 851 filium
401 809 532 848 fuisse
567 807 812 847 affirmante.
875 807 1122 848 Scholiastes
1153 809 1332 848 Platonis
1360 811 1487 849 Bekk.
1526 823 1566 861 p.
1597 808 1676 848 331

233 886 310 927 καὶ
338 883 497 941 τρίτον,
528 879 580 924 ὃν
608 878 938 936 Ἀπολλόδωρος
961 886 1040 936 μὲν
1069 880 1371 938 Νικόστρατον
1399 885 1529 936 καλεῖ,
1560 884 1602 925 οἱ
1631 883 1679 925 δὲ

234 963 333 1019 περὶ
360 959 624 1015 Δικαίαρχον
664 960 935 1014 Φιλέταιρον.
1007 963 1211 1014 Quidquid
1248 968 1332 1012 est,
1370 969 1482 1004 certe
1519 964 1678 1005 mediae

233 1045 315 1085 fuit
351 1047 474 1096 poeta
509 1040 771 1087 comoediae,
811 1040 862 1078 de
899 1052 978 1090 quo
1016 1039 1168 1079 diserte
1206 1041 1414 1080 admonuit
1442 1042 1678 1082 Athenaeus

232 1121 334 1163 XIII
362 1133 403 1172 Ρ.
431 1119 569 1167 58711,
600 1130 839 1170 quamquam
863 1118 1130 1168 Ilarpocratio
1160 1119 1309 1169 p.266‚
1340 1113 1431 1157 ἔστι
1460 1117 1505 1157 δὲ
1532 1117 1607 1158 καὶ
1633 1116 1679 1158 ἐν

232 1194 287 1254 τῇ
314 1195 393 1251 νέᾳ
421 1191 627 1250 κωμῳδίᾳ
658 1192 803 1247 δρᾶμα
838 1189 1207 1246 Ὀρνιθευτὴς
1236 1191 1556 1251 Νικοστράτου,
1584 1209 1677 1237 eum

233 1288 364 1316 novae
405 1275 641 1314 comoediae
685 1274 931 1325 adsignavit,
977 1286 1058 1312 non
1107 1273 1223 1313 aliam
1270 1276 1321 1313 ob
1362 1288 1523 1314 causam
1563 1277 1676 1326 puto,

234 1366 354 1408 quam
392 1353 503 1404 quod
539 1351 702 1390 fabulae
738 1351 959 1390 Nicostrati
996 1351 1105 1389 haud
1161 1351 1297 1402 paueat
1331 1352 1531 1391 haberent
1575 1364 1677 1404 quae

233 1414 363 1473 novae
392 1429 629 1470 comoediae
659 1429 791 1479 poetis
821 1429 986 1480 propria
1015 1428 1357 1469 existimabantur.
1416 1432 1478 1470 Ex
1495 1443 1574 1482 quo
1605 1443 1677 1483 ge·

232 1523 333 1552 nere
361 1511 425 1548 est
452 1506 561 1558 quod
591 1507 758 1545 militem
787 1506 1049 1558 gloriatorem
1077 1505 1234 1544 induxit
1264 1507 1305 1545 in
1334 1506 1472 1546 fabula
1499 1505 1678 1546 Βασι-

232 1586 338 1633 λεῖς
373 1585 482 1637 apud
518 1585 774 1624 Athenaeum
812 1583 868 1624 VI
895 1597 949 1641 ΠΡ.
986 1584 1068 1622 230
1087 1584 1126 1631 d,
1174 1582 1476 1624 foeneratorem
1513 1595 1677 1626 avarum

231 1667 276 1707 in
309 1659 496 1718 Τοκιστῇ
523 1662 676 1701 ibidem
704 1661 781 1702 XV
818 1674 858 1714 Ρ.
890 1661 970 1700 685
985 1661 1016 1710 f,
1055 1673 1227 1712 coquum
1257 1662 1498 1715 gloriantem
1526 1662 1690 1715 ibidenq‘

230 1744 331 1785 xlv
359 1755 400 1795 Ρ.
432 1741 514 1780 664
536 1741 575 1780 b.
641 1738 800 1779 Eodem
837 1743 993 1791 spectat
1022 1751 1097 1786 της
1125 1735 1319 1790 ματτύης
1348 1738 1702 1784 commemorati&

231 1823 276 1863 in
304 1819 543 1871 fragmentis
572 1816 680 1869 apud
711 1817 968 1856 Athenaeum
998 1817 1077 1857 XII
1109 1831 1149 1868 Ρ.
1178 1818 1310 1858 517a.
1350 1818 1447 1858 XIV
1476 1831 1516 1869 p.
1546 1817 1689 1907 664⁶&

231 1900 341 1952 quod
370 1898 449 1937 cibi
479 1907 609 1948 genus
639 1906 762 1945 quum
793 1909 815 1934 a
844 1895 1053 1935 Dorotheo
1092 1896 1166 1934 sub
1197 1896 1469 1935 Macedonum
1505 1892 1690 1959 imperio}

230 1978 412 2018 Athenas
446 1974 724 2014 introductum
762 1985 854 2012 esse
892 1973 1070 2020 dicatur,
1107 1986 1129 2012 a
1164 1987 1292 2013 novae
1322 1975 1484 2013 demum
1513 1960 1690 2014 comoed

231 2056 324 2096 diae
351 2052 484 2106 poetis
511 2051 751 2103 frequenter
781 2055 1134 2091 commemoratur.
1664 2028 1689 2091 43

340 2131 402 2170 De
440 2130 589 2169 ceteris
626 2129 749 2167 rebus
787 2129 1004 2168 Nicostrati
1042 2129 1143 2167 nihil
1192 2131 1400 2176 tenemus,
1445 2128 1523 2167 nisi
1566 2139 1645 2179 quo
1676 2106 1683 2115 Α

231 2208 531 2261 Tettigidaeam
562 2207 839 2260 Myrinenscm
879 2208 1025 2246 amavit
1054 2207 1284 2258 amorisque
1319 2206 1449 2246 furori
1485 2206 1590 2244 saltu
1622 2205 1687 2245 d

230 2299 335 2339 rupe
371 2285 577 2327 Leucadia
619 2285 729 2324 facto
774 2285 999 2324 medicatus
1049 2298 1139 2324 esse
1182 2284 1342 2324 dicitur.
1415 2283 1702 2335 Ptolemaeuw

232 2365 371 2417 Heph.
413 2365 521 2417 apud
558 2364 752 2404 Photium
788 2364 892 2403 Bibl.
937 2363 1043 2403 CXC
1082 2376 1120 2414 Ρ.
1151 2362 1232 2402 153
1271 2362 1398 2402 Bekk.
1435 2359 1508 2399 καὶ
1536 2353 1702 2399 Νικό-ι»

231 2453 421 2494 στρατον
459 2437 536 2480 τὸν
571 2437 761 2494 κωμικὸν
802 2435 1102 2492 Τεττιγιδαίας
1145 2440 1264 2488 (cod.
1307 2441 1343 2480 A
1379 2433 1702 2490 ureflffaiag).

231 2516 308 2567 τῆς
338 2515 590 2571 *Μυριναίας
626 2518 874 2572 ἐρασθέντα
911 2519 1042 2574 ῥῖψαι
1079 2513 1234 2556 ἑαυτὸν
1267 2516 1341 2555 καὶ
1369 2510 1678 2567 ἀπαλλαγῆναί.
1696 2526 1702 2551 ι

232 2593 310 2636 τοῦ
339 2592 505 2650 ἔρωτος.
573 2599 674 2637 Nam
706 2599 814 2651 quod
841 2602 1056 2651 praeterea
1085 2597 1136 2636 de
1166 2596 1395 2635 Nicostrato
1431 2595 1553 2634 tradit
1580 2592 1702 2642 Sui-r·¹

235 2675 308 2715 das
336 2687 369 2716 u.
399 2688 437 2715 v.
466 2670 764 2727 Νικόστρατος
799 2677 878 2716 vol.
910 2677 948 2716 11
985 2689 1025 2727 p.
1055 2674 1138 2713 624
1176 2678 1218 2713 et
1247 2686 1279 2714 s.
1309 2687 1347 2713 v.
1385 2668 1461 2724 ἐγώ
1505 2663 1670 2716 ποιήσω
1695 2673 1702 2705 '⁴
