1702 3190
657 124 847 152 suroms.
1405 110 1490 152 107

16 229 178 269 necatus
206 230 284 266 est.
341 216 436 268 vid.
465 228 635 279 praeter
652 225 871 266 Aelianum
903 227 946 263 et
960 223 1145 263 'rzetzen
1177 223 1204 264 l.
1234 221 1490 265 LAnecdota

17 305 196 346 Crameri
227 302 286 344 111
323 318 363 358 p.
398 305 481 345 357
511 306 581 345 28.
647 306 708 346 Ac
748 303 926 343 fortasse
957 301 992 341 is
1022 301 1133 340 idem
1163 302 1382 353 Ephialtes
1413 309 1490 352 est,

15 385 63 425 ad
93 385 209 424 cuius
247 390 370 438 caput
398 384 616 437 Eupolidis
653 383 836 423 fabulam
869 376 1205 434 ‘Yfi’Qwrod‘ixm
1247 382 1490 435 inscriptam

15 469 104 517 post
134 469 309 504 mortem
340 463 518 503 hominis
547 466 754 515 repertam
793 474 883 501 esse
913 460 1055 500 scribit
1088 460 1350 500 Ptolemaeus
1380 463 1490 514 apud

16 544 208 584 Photium
237 544 343 583 Bibl.
375 543 483 584 CXC
511 556 552 595 p.
580 541 704 581 534d
732 536 833 587 τοὺς
871 534 1213 593 ’Υβριστοϋίκας
1241 535 1491 588 Εὐπόλιδος

13 619 122 676 πρὸς
150 620 204 678 τῇ
240 617 487 675 ’.Εᾳιάλτου
515 616 685 675 κεφαλῇ
712 615 954 673 εὑρεθῆναί
985 630 1100 671 qam
1183 619 1266 659 Ubi
1296 632 1350 659 ne
1379 620 1490 659 cele-

15 702 129 741 brem
166 702 282 742 illum
313 701 485 741 Periclis
525 699 699 739 amicum
735 699 958 751 significari
998 703 1215 751 putemus,
1251 701 1489 752 temporum

12 780 191 821 rationes
227 780 469 833 prohibent:
525 793 620 820 eum
661 780 775 819 enim*
808 780 889 819 iam
928 779 1094 831 Olymp.
1138 777 1313 818 LXXIX
1350 779 1378 818 4
1422 780 1489 819 vel

11 857 163 898 LXXX
194 859 216 897 1
262 860 557 912 interemptum
589 872 681 899 esse
712 872 735 898 e
765 859 970 911 probabili
1008 861 1243 910 temporum
1275 863 1489 913 computa-

11 937 123 977 tione
152 938 345 980 efficitur.
405 939 548 992 Itaque
579 943 649 979 aut
679 943 819 978 orator
837 939 1055 991 Ephialtes
1085 938 1381 992 intelligendus
1411 943 1489 988 est,

10 1014 64 1056 de
93 1029 172 1068 quo
203 1018 278 1059 cl'r.
309 1020 478 1060 Ruhnk.
507 1020 560 1058 ad
593 1019 720 1059 Rutil.
751 1019 857 1071 Lup.
888 1032 928 1070 p.
960 1019 1027 1066 33,
1073 1023 1144 1058 aut
1174 1023 1316 1059 noster
1345 1020 1489 1071 Eupo-

10 1093 156 1136 lideus.
222 1098 409 1150 Denique
439 1112 544 1152 quae
574 1098 684 1151 apud
713 1099 911 1150 Apsinem
940 1097 981 1136 in
1014 1098 1161 1138 Walzii
1190 1099 1318 1139 Rhet.
1349 1112 1488 1152 graec.

12 1173 70 1214 lx
99 1187 140 1227 p.
155 1175 240 1217 484
268 1177 479 1230 leguntur,
508 1172 702 1224 Ἐὔπολις
730 1173 873 1227 ξενίας
902 1172 1034 1223 ἁλοὺς
1062 1172 1244 1230 ἐπράθη
1274 1174 1488 1233 δημοσίᾳ.

12 1247 246 1308 πριάμενος
275 1251 414 1295 αὑτὸν
441 1252 466 1296 ὁ
494 1252 655 1297 Λύκων
683 1253 900 1310 ἐγχειρίζει,
939 1253 998 1311 τῷ
1027 1252 1176 1301 παιδί,
1215 1252 1239 1296 ὁ
1272 1254 1318 1295 δὲ
1348 1253 1488 1296 αὐτὸν

13 1332 342 1386 προσαγγέλλει,
380 1337 542 1377 nonnisi
583 1336 760 1389 exempli
799 1348 923 1376 causa
952 1350 975 1376 a
1003 1336 1240 1378 rhetoricae
1270 1320 1370 1378 artis
1399 1351 1486 1378 ma-

6 1410 138 1466 &stro
168 1414 262 1454 ficta
293 1427 386 1454 esse
414 1416 480 1455 vix
511 1421 575 1455 est
603 1420 650 1456 ut
680 1429 884 1458 moneam.

30 1500 61 1535 ζων
120 1491 183 1532 De
210 1495 374 1545 poetica
403 1495 623 1547 Eupolidis
652 1495 851 1536 facultate
887 1495 1204 1548 fabularumque
1241 1509 1342 1548 quas
1381 1497 1485 1537 scri-

0 1570 114 1635 71³⁸st
135 1571 300 1624 ingenio
337 1574 394 1613 ita
423 1574 575 1615 iudicat
605 1576 819 1615 Platonius
849 1575 903 1615 de
934 1575 1083 1615 divers.
1115 1575 1227 1617 char.
1274 1590 1315 1629 p.
1345 1576 1485 1619 XXVI

0 1639 126 1708 {ut-in
154 1659 490 1704 argumentorum
529 1656 767 1696 inventione
805 1658 848 1696 et:
882 1655 1128 1696 tractatione
1163 1668 1259 1696 eum
1295 1657 1485 1709 ingenio—

0 1728 216 1772 *dhsimum
258 1733 389 1774 fuisse
436 1734 566 1776 dicat:
624 1729 928 1788 εὐφάνταστός
969 1733 1091 1773 ἐστιν
1134 1728 1194 1782 εἷς
1237 1729 1487 1789 ὑπερβολὴν

14 1805 124 1849 κατὰ
149 1810 225 1859 τὰς
253 1807 504 1862 ὑποθέσεις.
572 1816 730 1868 Quibus
768 1815 964 1868 deinceps
994 1816 1100 1855 haec
1130 1816 1264 1855 addit:
1301 1814 1378 1853 καὶ
1406 1807 1485 1864 ἧν-

13 1897 92 1943 πςρ
117 1885 164 1928 ἐν
187 1889 240 1947 τῇ
268 1889 521 1948 παραβάσει
550 1889 810 1948 ᾳαντασιάν
847 1892 1046 1934 κινοῦσιν
1083 1892 1126 1934 οἱ
1164 1891 1336 1943 λοιποί,
1374 1891 1485 1935 ταύ-

14 1977 94 2016 την
135 1966 292 2019 ἐκεῖνος
334 1970 382 2012 ἐν
423 1974 516 2022 τοῖς
558 1968 806 2029 δράμασιν,
855 1969 1095 2026 ἀναγαγεῖν
1139 1970 1288 2022 ἱκανὸς
1331 1968 1395 2014 ὦν
1439 1973 1484 2025 ἐξ

15 2037 125 2102 ᾅδου
152 2050 413 2102 νομοθετῶν
441 2049 673 2108 πρόσωπα,
741 2056 823 2095 Ubi
854 2050 1113 2109 φαντασίαν
1141 2055 1329 2108 intellige
1362 2068 1484 2107 quam

13 2126 156 2168 ctcero
188 2131 240 2170 de
271 2132 385 2173 Orat.
417 2133 478 2174 111
506 2134 562 2175 52
591 2148 732 2176 rerum
763 2136 879 2188 quasi
908 2138 1106 2189 gerantur
1135 2134 1211 2174 sub
1243 2134 1483 2186 adspectum

12 2207 127 2258 quasi
154 2209 452 2252 subiectionem
481 2215 675 2266 appellat.
736 2214 823 2255 Cfr.
853 2214 1066 2266 Longinus
1097 2214 1212 2254 Snbl.
1243 2213 1321 2252 XV
1350 2227 1391 2266 p.
1413 2213 1483 2254 58.

12 2283 210 2325 Similiter
239 2289 514 2340 Quintilianus
546 2293 678 2336 Instit.
710 2295 825 2334 Orat.
839 2294 897 2335 Vl
929 2294 955 2333 2
986 2294 1040 2334 29
1068 2305 1204 2344 «quas
1229 2289 1484 2346 φαντασίας

13 2364 197 2427 <Graeci
225 2372 394 2418 vocant,
424 2383 500 2411 nos
529 2384 627 2412 sane
657 2373 836 2413 visiones
864 2372 1139 2425 appellamus:
1169 2385 1246 2425 per
1259 2385 1359 2424 quas
1380 2373 1482 2414 ima-

17 2444 166 2497 ‹gine-,s
202 2459 343 2488 rerum
378 2449 610 2492 absentium
646 2452 703 2491 ita
742 2458 1105 2505 repraesentantur
1143 2453 1278 2496 animo
1320 2456 1366 2491 ut
1412 2466 1482 2492 eas

16 2535 224 2564 <cernere
252 2528 378 2567 oculis
408 2541 456 2568 ae
483 2537 726 2583 praesentes
756 2532 912 2576 habere
945 2533 1196 2576 videamur»
1229 2532 1372 2585 ltaque
1387 2545 1481 2575 sen-

16 2614 84 2648 tus
112 2607 332 2650 verb'orum
361 2611 538 2652 Platonii
567 2611 634 2652 hic
665 2626 758 2653 esse
786 2613 970 2654 videtur:
1008 2626 1108 2667 quas
1144 2612 1294 2664 reliqui
1330 2618 1482 2665 poetae

19 2684 191 2728 visiones
228 2690 292 2729 vel
322 2690 551 2735 absentium
590 2704 728 2735 rerum
766 2694 966 2748 imagines
1003 2694 1042 2735 in
1074 2693 1341 2751 parabasibus
1372 2692 1481 2733 exci-
