1702 3190
193 169 250 212 73
763 173 1066 214 »aenaeam-sn.

196 275 338 327 colligi
369 285 492 327 posse
525 273 776 334 putaverim3
827 285 961 324 neque
1008 273 1142 325 ipsum
1187 275 1334 326 opinor
1367 275 1648 319 Heinrichium
1682 306 1684 324 ;

194 355 275 394 hoc
302 352 534 403 positurum
564 350 693 391 fuisse
724 350 996 399 crediderim,
1029 350 1108 389 nisi
1136 350 1306 391 alterum
1337 353 1471 391 locum
1498 365 1523 392 a
1552 352 1649 392 Plu-

195 429 338 469 tarcho
383 433 586 468 servatum
628 429 678 467 ad
724 427 896 467 eandem
935 426 1115 465 fabulam
1161 428 1402 467 trahendum
1442 442 1532 468 esse
1572 429 1649 469 sibi

194 507 482 559 persuasisset.
538 505 660 557 Atqui
689 506 769 543 hoc
797 495 932 556 ipsum
963 504 1162 543 eiusmodi
1193 509 1267 554 est,
1297 509 1355 554 ut,
1386 508 1462 546 nisi
1492 507 1650 558 gravio-

196 583 310 622 ribus
353 583 602 634 argumentis
639 583 964 631 demonstretur,
1010 583 1124 621 nullo
1163 584 1284 622 modo
1323 584 1491 623 concedi
1528 596 1652 636 posse

195 661 396 700 videatur.
455 659 595 709 Qualis
627 660 735 698 enim
766 660 936 699 obsecro
966 660 1070 698 haec
1100 665 1162 699 est
1191 661 1499 711 argumentandi
1524 661 1652 708 ratim

195 737 385 787 tetigisse
415 735 708 774 Pherecratem
747 736 1066 777 invalescentem
1106 739 1284 777 musicae
1321 740 1418 777 artis
1458 738 1652 789 deprava-

195 815 350 853 tionem
386 813 428 851 in
456 813 615 864 Agriis;
652 813 763 852 idem
801 826 892 852 cum
927 814 968 852 in
1001 814 1178 854 Chirone
1208 814 1378 863 fecerit,
1422 815 1652 855 necessaria

197 890 488 930 consecutione
525 889 658 938 effici,
696 890 843 942 Agrios
873 894 914 930 et
944 891 1165 931 Chironem
1204 904 1285 931 non
1315 892 1506 932 diversas
1522 892 1653 933 fuisse
1694 928 1696 930 ,

195 967 369 1015 fabulas,
405 966 479 1005 sed
517 967 702 1022 diversos
732 972 890 1008 tantum
920 969 1041 1008 unius
1072 968 1335 1020 eiusdemque
1362 969 1526 1009 fabulae
1555 971 1654 1010 titu-

199 1044 279 1083 los.
337 1044 444 1095 Quid
482 1045 610 1083 vero?
648 1046 835 1095 potuitne
865 1045 1135 1085 Pherecrates
1163 1046 1273 1085 idem
1302 1051 1583 1098 argumentum
1611 1048 1654 1088 in

197 1121 385 1172 pluribus
414 1122 670 1172 diversisque
709 1121 859 1159 fabulis
896 1122 962 1160 vel
992 1122 1086 1161 data
1116 1135 1241 1175 opera
1268 1127 1462 1163 tractasse
1489 1124 1556 1163 vel
1591 1126 1654 1165 in·
1696 1111 1697 1114 Ἴ

196 1201 312 1236 tento
340 1194 499 1237 'tautum
529 1198 655 1250 digito
685 1198 901 1250 tetigisse‘.²
930 1200 1173 1250 praesertim
1204 1212 1327 1251 quum
1355 1201 1442 1252 ipsa
1468 1201 1538 1240 illa
1565 1214 1656 1242 mu-
1695 1220 1698 1225 Δ

200 1268 310 1315 sinte
339 1275 436 1313 artis
467 1274 702 1326 depravatio
731 1276 1016 1328 pervulgatum
1043 1276 1172 1316 fuerit
1199 1277 1388 1328 antiquae
1419 1279 1655 1320 comoediae
1693 1324 1696 1328 ,

198 1355 497 1403 argumentum.
575 1352 683 1402 Quid
727 1357 863 1392 autem
906 1364 1051 1393 causae
1093 1367 1185 1392 esse
1222 1354 1423 1402 dicamus,
1468 1357 1577 1407 quod
1611 1357 1655 1397 in

196 1431 310 1467 tanta
339 1441 489 1468 eorum.
527 1431 595 1480 qui
624 1430 773 1482 Agrios
802 1434 843 1469 et
873 1431 1094 1470 Chironem
1124 1431 1175 1469 ad
1203 1434 1340 1482 partes
1377 1436 1522 1471 vocant
1550 1434 1655 1473 mul·

198 1506 377 1546 titudine
401 1506 470 1556 ³³)
508 1518 629 1545 nemo
658 1511 795 1546 tamen
823 1509 1054 1560 reperiatur
1083 1509 1152 1560 qui
1188 1509 1246 1547 ita
1274 1508 1508 1548 alterutram
1538 1510 1655 1551 fabu-
1696 1514 1698 1516 ’

197 1584 282 1624 lam
312 1585 705 1633 commemoraverit,
734 1589 781 1623 ut
809 1589 1023 1637 utramque
1052 1599 1127 1638 pro
1156 1598 1236 1626 una
1266 1587 1491 1637 eademque
1519 1587 1656 1629 fabula
1694 1618 1697 1628 2

199 1661 383 1701 habitam
406 1673 507 1699 esse
533 1662 730 1713 suspicari
756 1663 902 1712 liceat;
930 1664 973 1703 id
1002 1663 1111 1715 quod
1142 1663 1306 1702 minime
1335 1665 1513 1703 omnium
1526 1666 1657 1706 Athe-

199 1751 349 1779 naeum
378 1738 447 1777 lib.
488 1738 546 1778 IV
573 1752 615 1790 p.
645 1740 725 1779 171
747 1740 785 1780 d.
833 1742 870 1782 V
909 1754 950 1792 p.
980 1742 1062 1780 218
1081 1741 1119 1780 d.
1163 1740 1220 1781 Vl
1255 1753 1296 1792 p.
1325 1741 1408 1779 263
1427 1742 1450 1780 b
1494 1746 1536 1781 et
1575 1743 1656 1783 V11

199 1817 338 1869 p.316
358 1828 396 1865 e,
423 1815 495 1854 ubi
511 1816 730 1866 Agriorum
746 1818 976 1870 fragmenta
1003 1818 1192 1865 servavit,
1221 1818 1501 1869 neglecturum
1530 1818 1657 1859 fuisse

193 1892 462 1940 crediderim,
494 1893 645 1945 quippe
673 1895 743 1944 qui
772 1895 861 1934 aliis
890 1895 932 1934 in
961 1894 1060 1934 locis
1090 1895 1142 1934 de
1172 1895 1359 1935 Chironis
1388 1900 1554 1935 auctore
1582 1897 1658 1937 du-
1693 1943 1696 1949 ¹

200 1968 376 2009 bitatum
419 1968 549 2007 fuisse
592 1971 894 2022 significaverit.
973 1972 1091 2024 Quod
1138 1976 1420 2024 argumentum
1463 1974 1539 2012 etsi
1574 1986 1656 2015 non

204 2058 296 2085 eam
326 2045 407 2084 vim
436 2045 586 2086 habeat
623 2050 668 2087 ut
709 2048 751 2087 in
781 2049 859 2088 alia
888 2062 1012 2089 causa
1038 2050 1141 2089 nihil
1171 2050 1212 2088 ei
1239 2050 1390 2101 opponi
1419 2062 1543 2101 posse
1559 2052 1656 2100 Nexi-

200 2124 389 2172 stimem,
418 2122 459 2161 in
492 2123 571 2164 hac
599 2128 734 2164 tamen
765 2127 1024 2176 quaestione,
1054 2127 1097 2167 in
1127 2139 1206 2178 qua
1234 2127 1367 2166 omnia
1394 2139 1540 2167 causae
1568 2140 1657 2168 mo·

198 2203 339 2239 menta
370 2200 508 2252 colligi
539 2204 580 2240 et
611 2202 786 2253 expendi
815 2207 1046 2253 merentur,
1085 2205 1152 2243 vel
1189 2204 1373 2256 inprimis
1409 2217 1656 2246 commemo-

202 2277 375 2316 randum
407 2281 480 2317 est.
539 2279 602 2318 Ex
643 2278 691 2317 iis
729 2291 833 2329 quae
862 2280 995 2319 adhuc
1024 2281 1315 2333 disputavimus
1351 2282 1446 2321 satis
1482 2282 1659 2335 intelligi

203 2355 373 2405 opinor,
410 2354 694 2394 Heinrichium
719 2368 800 2395 non
829 2356 887 2396 ita
918 2369 1063 2398 causae
1093 2371 1191 2398 suae
1219 2359 1488 2410 patrocinium
1516 2371 1655 2399 susce-

200 2431 339 2484 pisse,
379 2435 426 2471 ut
464 2431 612 2471 criticis
649 2432 810 2484 legibus
850 2447 898 2474 ex
928 2435 1037 2474 omni
1065 2438 1183 2487 parte
1210 2419 1456 2480 satisfecisse
1485 2446 1655 2476 censen-

234 2604 305 2657 ⁸³)
316 2599 522 2701 ἴ-Αὶᾪιοιί
536 2608 674 2649 decies
704 2610 931 2661 quinquie&
964 2604 1133 2662 Χείρων
1162 2613 1298 2651 antem
1326 2610 1468 2650 novum
1492 2606 1542 2650 ad
1559 2622 1653 2663 Pub
1684 2607 1697 2634 ι.

334 2675 377 2700 eS
406 2674 505 2701 voca
526 2675 584 2701 ur.
