1702 3190
637 160 930 193 minoramus.
1442 151 1534 195 24³

51 263 393 322 §effugandum
430 265 510 317 ibi,
556 276 638 320 quo
677 263 834 304 ducunt
870 261 995 315 etiam
1031 262 1189 304 scholia
1233 277 1258 305 a
1295 261 1525 308 Schaefero

53 350 184 398 edita,
231 340 493 399 Θεόπομπος
537 339 561 384 ὁ
605 336 827 392 ἐποποιός,
869 341 988 381 cuius
1031 343 1273 384 memoriam
1318 323 1529 387 habemus*

51 428 160 482 apud
198 425 462 479 Fulgentium
508 425 525 464 1
565 427 607 475 2,
651 425 722 464 ubi
766 421 959 462 laudatur
1007 421 1262 474 Cyprium
1321 435 1526 464 carmen

51 506 336 560 Theopompi,
366 509 409 545 et
440 504 545 557 apud
576 503 836 546 Athenaeum
865 501 925 541 IV
953 513 996 552 p.
1027 501 1110 540 183
1126 502 1174 540 b:
1209 496 1472 554 Θεόπομπος
1500 496 1529 542 ὁ

51 580 340 642 ,Κολοᾳώνιος
365 577 571 629 ἐποποιὸς
598 578 645 620 ἐν
673 576 733 636 τῷ
759 576 1098 635 ἐπιγραφομένῳ
1121 573 1356 635 Ἀρμοιτίῳ

219 658 482 715 Σκινδαψὸν
508 654 718 715 λυρόεντα
745 656 888 713 μέγαν
911 656 1104 713 χείρεσσι
1133 653 1360 699 τινάσσων

217 735 406 792 ὀξύϊνον,
432 734 678 794 προμάλοιο
708 736 973 793 τετυγμένον
999 731 1236 788 αἰζήεντος.

48 821 244 864 Fortasse
281 821 333 861 ad
369 820 451 860 hoe
488 832 654 860 carmen
690 822 850 872 spectat
895 813 947 857 τὸ
988 812 1246 873 “Λρματιόυ
1281 810 1531 872 ὑπόμνημα

48 901 159 955 apud
174 900 354 953 Etymol.
371 900 432 940 M.
455 913 497 952 p.
528 899 613 941 782
645 900 673 940 8
696 892 1023 952 ‘Yrtoypoepqucm
1052 893 1104 937 τὸ
1132 891 1389 952 Ἀρματίσυ
1414 892 1530 938 ὑπό-

49 982 222 1035 μνηνατ
262 969 296 1035 ᾧ
325 975 427 1026 τοὺς
467 974 739 1035 ὀφθαλμοὺς
779 973 1106 1033 ὑπογράφουσι.
1182 979 1274 1018 Nec
1310 977 1419 1031 fugit
1455 978 1529 1019 illa

48 1060 286 1103 emendatio
303 1059 540 1111 Pflugkium
559 1058 611 1099 de
625 1059 788 1112 Theop.
818 1072 861 1112 p.
879 1061 919 1100 9.
949 1053 1115 1104 Πόλεις
1142 1056 1273 1098 hahes
1303 1057 1412 1110 apud
1430 1056 1533 1097 Pol-

47 1139 130 1182 luc.
159 1139 199 1180 X
229 1138 313 1179 145
356 1133 618 1191 Θεόπομπος
654 1135 702 1177 ἐν
736 1134 948 1180 Πόλεσιν.
1025 1137 1111 1179 Sed
1158 1140 1277 1177 recte
1313 1136 1533 1178 Mem-sius

48 1219 156 1262 nihl.
187 1220 274 1260 Att.
302 1232 346 1271 p.
367 1218 478 1258 1619
510 1222 553 1258 et
581 1218 797 1259 Fabricius
828 1219 935 1259 Bibl.
965 1231 1029 1271 gr.
1061 1217 1101 1257 11
1130 1229 1173 1269 p.
1202 1215 1289 1255 502
1319 1216 1535 1268 corrigunt

47 1293 324 1347 Καπηλίσιν.
418 1291 690 1351 Τρικάρανος
748 1299 929 1351 denique
986 1296 1095 1350 apud
1141 1294 1326 1348 Syncell.
1372 1293 1532 1334 Chr-on.

49 1391 93 1434 p.
120 1377 175 1418 65
213 1378 397 1429 aliosque
434 1389 516 1417 non
554 1377 720 1419 fabulae
749 1378 913 1426 titulus,
951 1376 1026 1417 sed
1063 1374 1251 1414 historici
1290 1373 1429 1426 operis
1465 1373 1533 1412 in-

35 1458 220 1511 ter-iptio
251 1461 337 1507 est,
375 1456 492 1496 cuius
523 1459 668 1497 auctor
696 1441 995 1510 Theopompus
1027 1453 1158 1495 Chius
1187 1452 1418 1492 ferebatur.
1474 1451 1531 1492 V.

47 1536 201 1591 Pflugk
231 1537 260 1580 l.
289 1536 319 1577 l.
350 1548 391 1588 p.
422 1535 493 1585 44,
532 1536 732 1576 Muelleri
762 1536 932 1589 Proleg.
963 1532 1145 1587 Mythol.
1175 1545 1217 1585 p.
1249 1533 1306 1572 98
1335 1535 1378 1572 et
1407 1532 1441 1572 Ι.
1471 1531 1530 1573 Η.

49 1615 244 1660 vossium
280 1616 324 1656 in
361 1615 558 1656 Seebodii
598 1616 750 1659 Archiv
788 1617 827 1656 11
868 1617 891 1657 1
934 1628 975 1668 p.
1018 1613 1114 1662 139,
1155 1623 1331 1664 quorum
1378 1610 1533 1651 notatis

47 1695 159 1738 hdde
186 1695 324 1737 locum
352 1695 541 1748 inprimis
571 1696 887 1737 memorabilem
918 1693 1028 1748 apud
1049 1692 1221 1734 Aristid.
1253 1691 1368 1731 Orat.
1397 1690 1480 1730 vol.
1513 1689 1534 1730 1

52 1783 97 1829 ι).
126 1775 208 1818 139
239 1776 358 1817 cant.
390 1778 432 1814 et
461 1775 631 1816 Suidam
662 1787 696 1815 s.
726 1789 764 1816 v.
801 1770 1026 1822 Φίλιστος,
1062 1772 1134 1811 ubi
1161 1771 1203 1811 in
1234 1769 1401 1810 Philisti
1429 1768 1535 1810 scri-

53 1855 218 1908 ptorum
247 1867 426 1896 recensu
456 1854 526 1907 qui
559 1859 906 1895 commemoratur
936 1854 1043 1893 liber
1073 1846 1180 1906 πρὸς
1209 1845 1289 1888 τὸν
1310 1842 1530 1903 Τρικάρα-

52 1942 145 1984 νον,
167 1947 252 1976 non
271 1934 447 1976 dubitari
462 1938 601 1988 potest
631 1935 728 1987 quin
758 1934 799 1975 in
828 1933 1059 1974 refutandis
1074 1925 1532 1981 Pseudo-Theopompi

51 2014 300 2054 tommentis
349 2019 575 2067 occupatus
613 2013 757 2054 fuerit.
833 2013 918 2054 Sed
958 2011 1185 2051 historicus
1230 2008 1532 2066 Theopompus

50 2091 181 2131 etiam
211 2092 262 2132 ab
291 2092 382 2132 aliis
410 2092 561 2147 passim
593 2105 686 2133 cum
717 2093 874 2133 comico
903 2095 1030 2145 poeta
1055 2089 1335 2138 confunditur,
1363 2086 1480 2127 velut
1508 2098 1535 2126 a.

52 2168 483 2221 Schweighaeuserm
520 2171 591 2222 qui
622 2171 829 2212 Athenaei
856 2171 984 2209 verba
1014 2169 1075 2209 111
1105 2181 1146 2220 p.
1175 2168 1231 2207 43
1248 2168 1287 2207 d.
1331 2160 1536 2219 Θεόπομ-

56 2253 140 2293 πος
169 2242 216 2285 δέ
246 2259 378 2302 φησι,
408 2243 530 2302 παρὰ
558 2244 637 2288 τὸν
671 2243 888 2303 Ἐριγῶνα
917 2243 1119 2299 ποταμὸν
1149 2240 1227 2295 ὀξὺ
1257 2234 1372 2284 εἶναι
1399 2236 1534 2299 ὕδωρ,

58 2322 137 2364 καὶ
164 2320 264 2373 τοὺς
293 2322 503 2375 πίνοντας
543 2320 654 2366 αὐτὸ
692 2321 1015 2379 μεθύσκεσθαι
1051 2321 1178 2365 καθὰ
1219 2321 1296 2364 καὶ
1324 2319 1424 2372 τοὺς
1452 2318 1534 2364 τὸν

63 2392 207 2452 οἶνον,
246 2405 297 2444 ad
342 2407 542 2449 comicum
580 2411 770 2459 spectare
807 2406 962 2446 statuit.
1042 2405 1156 2446 Idem
1195 2405 1248 2445 de
1285 2405 1351 2446 his
1390 2404 1534 2446 Photii

56 2483 199 2524 verbis
228 2483 542 2525 existimandum
570 2485 612 2526 in
644 2486 743 2526 Lex.
774 2499 808 2526 s.
837 2499 876 2526 v.
906 2481 1133 2538 τετύχηκεν
1160 2498 1202 2538 p.
1232 2485 1318 2525 503
1346 2480 1396 2524 τὸ
1426 2482 1537 2537 μέν-ι

62 2574 134 2602 τοι
175 2557 444 2618 γεγράφηκεν
487 2561 608 2620 παρὰ
657 2559 904 2620 Θεοπόμπῳ
958 2564 1034 2604 καὶ
1080 2561 1236 2618 ἑτέροις
1283 2559 1530 2617 βάρβαρον.

54 2642 318 2686 -Ηὶεῒοτίοιιω
361 2645 472 2685 enim
519 2645 618 2700 περὶ
653 2642 732 2693 τὰς
770 2642 902 2695 λέξεις
939 2638 1152 2698 ῥάθυμον
1197 2644 1328 2684 fuisse
1365 2647 1535 2696 praeter

56 2721 164 2764 ὅου
200 2723 359 2766 mounit
398 2724 521 2766 etiam
557 2726 635 2766 Dio
674 2725 887 2778 Chrysost.
919 2724 1034 2765 Orat.
1065 2724 1206 2767 XVIII
1244 2737 1285 2775 p.
1315 2722 1399 2761 479
1430 2721 1532 2761 Rsk.

1173 2801 1226 2839 16
1256 2801 1274 2821 ‘
