1702 3190
217 167 301 209 282
587 173 640 202 »Β
670 172 824 202 nnuma
854 172 1086 200 comosnme
1116 171 1281 202 lunone,

212 279 320 320 Eius
351 273 516 314 fabulae
545 272 727 312 notitiam
757 263 875 312 unice
906 270 1056 311 Suidao
1085 275 1292 323 acceptam
1320 271 1508 321 ferimus,
1543 272 1655 315 cuiue

218 355 323 394 haec
351 352 475 391 verba
502 353 596 390 sunt
623 350 703 390 vol.
734 350 794 388 111
821 363 860 401 p.
892 350 972 387 602
1002 345 1087 386 τῶν
1118 343 1350 400 δραμάτων
1379 345 1514 389 αὐτοῦ
1542 346 1656 390 ἐστιν

214 425 424 476 ”Αιῖωνις,
453 422 555 473 Διὸς
584 422 723 478 γοναί,
759 422 1062 478 Θέμιστοκλῆς,
1082 420 1322 477 ”Ολυμπος,
1351 423 1504 473 ΙΙανὸς
1523 423 1658 477 γοναί,

220 502 388 560 Ἑρμοῦ
416 504 490 544 καὶ
514 499 789 558 Ἀφροδίτης
818 498 958 555 γοναί,
983 498 1243 556 Ἀρτέμιδος
1271 503 1345 542 καὶ
1368 499 1660 553 Ἀπόλλωνος.

219 583 491 625 Scribendum
520 582 629 622 enim
658 583 817 622 videtur
852 576 1018 635 Ἑρμοῦ
1048 577 1187 633 γοναί,
1219 576 1493 635 Ἀφροδίτης
1522 577 1661 632 γοναί.

215 659 500 714 Hermippeae
543 665 679 699 autem
730 659 892 698 fabulae
946 664 1229 712 argumentum
1279 663 1325 699 ut
1369 660 1412 699 in
1453 660 1663 701 Minervae

222 743 343 793 partu
378 741 578 778 versatam
618 751 709 777 esse
749 738 1046 786 existimemus,
1084 738 1290 788 praeclara
1327 737 1499 776 Porsoni
1528 740 1664 779 conie-

224 821 339 856 ctura
368 816 561 855 effectum
590 820 667 862 est,
697 815 766 866 qui
794 814 902 866 apud
931 814 1121 853 Photium
1151 815 1248 854 Lex.
1278 828 1318 866 p.
1347 816 1400 854 62
1431 816 1454 855 l
1486 816 1668 860 scriben-

226 895 331 935 dum·
360 907 450 933 esse
497 892 597 931 vidit
632 883 882 944 Ἕρμιππος
917 889 963 929 ἐν
1002 886 1210 940 Ἀθηνᾶς
1246 891 1394 943 γοναῖς
1431 887 1534 941 ἠσὶν
1569 889 1670 934 ἀντὶ

225 968 307 1010 τοῦ
334 965 492 1023 φησίν·
519 964 575 1007 ‘0
606 964 724 1018 Ζεὺς,
755 965 913 1021 δίδωμι
943 964 1138 1018 Παλλάς,
1167 964 1254 1018 viai,
1286 964 1490 1021 τοῦνομα,
1513 983 1587 1022 pro
1618 984 1668 1012 eo

227 1049 338 1102 quod
366 1048 495 1087 codex
522 1047 660 1094 habet,
689 1043 855 1085 διδωνω
887 1042 1048 1092 πολλὰς
1077 1032 1200 1098 (pnes.
1259 1047 1402 1097 Itaque
1431 1048 1482 1087 de
1508 1049 1686 1090 nomine·

228 1126 331 1166 deae
358 1137 504 1165 recens
533 1128 650 1162 natae
679 1123 926 1174 imponendo
963 1125 1005 1163 in
1035 1124 1174 1165 fabula
1202 1127 1337 1163 actum
1368 1136 1459 1163 esse
1487 1129 1671 1177 apertum

224 1206 304 1244 est.
369 1203 417 1242 In
461 1214 680 1254 progressu
717 1200 881 1242 fabulae
919 1203 1094 1241 divinam
1124 1202 1320 1252 virginem
1349 1204 1446 1242 artis
1475 1205 1671 1245 textoriae.

229 1281 452 1334 specimina
481 1280 656 1319 edidisse
687 1279 877 1319 coniicias
915 1293 964 1319 ex
1000 1281 1091 1319 loco
1122 1280 1229 1331 apud
1259 1279 1490 1319 Bekkerum
1518 1280 1678 1322 Auem.-

227 1372 271 1413 p.
300 1359 382 1399 462
412 1359 466 1398 26
493 1361 675 1397 servato=
696 1348 945 1410 (Ἕρμιππος
974 1353 1177 1405 Ἀθηνᾶς
1206 1354 1357 1408 γοναῖς

392 1429 513 1474 Ἀπὸ
542 1431 618 1481 τῆς
647 1430 854 1487 τραπέζης
880 1434 1054 1475 τουτονὶ
1082 1431 1159 1474 τὸν
1188 1429 1386 1487 στήμονα

397 1505 588 1551 (ἕπεσθ’
620 1508 792 1552 ἐπινοῶ.

235 1593 298 1633 Ita
326 1591 434 1631 enim
463 1601 538 1641 pro
567 1585 750 1626 ἐπινοῶν
780 1589 1037 1629 scribendum
1076 1592 1162 1638 est,
1199 1601 1317 1641 quam
1353 1588 1678 1628 emendationem

235 1670 304 1724 qui
359 1669 513 1721 primus
569 1668 783 1720 proposuit
839 1667 1128 1708 Valckenarius
1186 1668 1236 1707 ad
1286 1666 1497 1706 Theocriti
1546 1652 1702 1707 Adon-⁴x

238 1762 280 1801 p.
322 1748 404 1786 206
429 1759 451 1785 c
494 1744 714 1796 fragmenti
757 1745 999 1784 sententiam
1043 1746 1163 1797 plane
1205 1744 1367 1784 videtur
1409 1742 1686 1794 perspexisses

238 1824 423 1866 Similem
451 1824 620 1863 actionis
659 1822 838 1874 speciem
867 1823 1018 1862 Araros
1053 1823 1096 1862 iu
1126 1822 1245 1862 Panis
1273 1821 1472 1861 natalibus
1502 1818 1681 1860 exhibuit

240 1903 350 1957 apud
378 1902 634 1945 Athenaeum
664 1900 721 1941 IV
749 1913 790 1953 p.
822 1900 942 1941 175d

406 1975 430 2018 ὁ
461 1973 510 2017 δ’
529 1973 730 2032 ἁρπάσας
758 1973 980 2029 μόναυλον
1007 1971 1144 2023 εὐθὺς
1171 1969 1260 2022 πῶς
1288 1970 1426 2023 δοκεῖς
1682 2019 1702 2031 „

406 2050 577 2108 κούφως
605 2050 814 2103 ἆνηλλετο
843 2080 898 2088 --
1673 2056 1702 2106 e}

243 2136 389 2188 quibus
418 2134 552 2175 verbis
584 2133 737 2175 Panem
765 2134 922 2176 recenti
951 2134 1069 2185 partu
1099 2129 1251 2170 editum
1282 2129 1523 2179 arreptaque
1548 2125 1658 2167 fistul

242 2214 422 2257 carmina
449 2215 661 2262 canentem
691 2212 866 2251 describi
896 2210 1093 2251 existimo.
1151 2206 1235 2247 Sed
1267 2218 1369 2258 quae
1399 2205 1449 2244 de
1469 2205 1685 2258 Hermip

243 2291 428 2344 Polyzeli
463 2293 504 2330 ct
539 2289 722 2331 Ararotis
759 2289 911 2329 fabulis
947 2286 1213 2341 probabiliter
1250 2285 1328 2324 dici
1363 2285 1558 2336 possunt,
1602 2293 1654 2320 no

246 2370 368 2409 etiam
404 2369 456 2409 de
485 2367 735 2421 reliquorum
764 2371 979 2420 poetarum
1013 2364 1161 2404 fabulis
1191 2375 1265 2415 pro
1303 2365 1415 2402 certo
1455 2354 1685 2403 affirmavffl

246 2446 336 2495 rim,
366 2447 511 2498 quibus
539 2450 676 2486 utrum
705 2448 842 2485 nostra
857 2458 908 2484 an
924 2442 1119 2485 Lobeckii
1146 2440 1428 2492 interpretatio
1457 2436 1685 2486 adhibendi⁴

247 2523 313 2572 sit,
341 2527 387 2564 ut
416 2524 713 2576 incompertum
740 2524 783 2563 iu
806 2525 941 2563 medio
970 2522 1209 2570 relinquam,
1239 2518 1335 2556 dum
1361 2517 1536 2568 repertis
1564 2515 1684 2563 forto,

250 2612 353 2651 quae
382 2600 523 2639 oculos
551 2613 664 2639 meos
694 2601 1042 2652 subterfugerunt,
1069 2596 1307 2649 fragmentis
1336 2595 1510 2635 certiora
1539 2592 1685 2634 afferre

252 2677 479 2729 contigerit.
539 2677 678 2729 Itaque
712 2682 894 2718 revertar
929 2670 1039 2718 unde
1078 2675 1285 2727 digressus
1322 2686 1424 2714 sum.
1481 2667 1698 2724 Agebatur
