<?xml version="1.0" encoding="UTF-8"?>
<!DOCTYPE html PUBLIC "-//W3C//DTD XHTML 1.0 Transitional//EN"
    "http://www.w3.org/TR/xhtml1/DTD/xhtml1-transitional.dtd">
<html xmlns="http://www.w3.org/1999/xhtml" xml:lang="en" lang="en">
 <head>
  <title>
</title>
<meta http-equiv="Content-Type" content="text/html;charset=utf-8" />
  <meta name='ocr-system' content='tesseract 3.04.00' />
  <meta name='ocr-capabilities' content='ocr_page ocr_carea ocr_par ocr_line ocrx_word'/>
</head>
<body>
  <div class='ocr_page' id='page_1' title='image "./fragmentacomicor01meinuoft_0154.png"; bbox 0 0 1702 3190; ppageno 0'>
   <div class='ocr_carea' id='block_1_1' title="bbox 224 178 1036 220">
    <p class='ocr_par' dir='ltr' id='par_1_1' title="bbox 224 178 1036 220">
     <span class='ocr_line' id='line_1_1' title="bbox 224 178 1036 220; baseline 0 -2"><span class='ocrx_word' id='word_1_1' title='bbox 224 180 304 220; x_wconf 77' lang='lat'><strong>182</strong></span> <span class='ocrx_word' id='word_1_2' title='bbox 754 178 759 186; x_wconf 85' lang='lat'>&#39;</span> <span class='ocrx_word' id='word_1_3' title='bbox 852 187 1036 218; x_wconf 73' lang='lat' dir='ltr'><strong>nurcms.</strong></span> 
     </span>
    </p>
   </div>
   <div class='ocr_carea' id='block_1_2' title="bbox 220 269 1675 1186">
    <p class='ocr_par' dir='ltr' id='par_1_2' title="bbox 220 269 1675 1186">
     <span class='ocr_line' id='line_1_2' title="bbox 225 269 1666 338; baseline -0.003 -7"><span class='ocrx_word' id='word_1_4' title='bbox 225 288 479 331; x_wconf 80' lang='lat' dir='ltr'><strong>suetudinem</strong></span> <span class='ocrx_word' id='word_1_5' title='bbox 521 281 692 328; x_wconf 76' lang='lat' dir='ltr'><strong>abirent.</strong></span> <span class='ocrx_word' id='word_1_6' title='bbox 759 287 846 328; x_wconf 82' lang='lat' dir='ltr'><strong>cfr.</strong></span> <span class='ocrx_word' id='word_1_7' title='bbox 876 269 1068 327; x_wconf 81' lang='lat' dir='ltr'><strong>Libanius</strong></span> <span class='ocrx_word' id='word_1_8' title='bbox 1101 287 1212 327; x_wconf 82' lang='lat' dir='ltr'><strong>Orat.</strong></span> <span class='ocrx_word' id='word_1_9' title='bbox 1241 285 1279 327; x_wconf 88' lang='lat' dir='ltr'>X</span> <span class='ocrx_word' id='word_1_10' title='bbox 1310 295 1351 338; x_wconf 87' lang='lat' dir='ltr'><strong>p.</strong></span> <span class='ocrx_word' id='word_1_11' title='bbox 1380 278 1538 325; x_wconf 72' lang='lat'><strong>205‘13.</strong></span> <span class='ocrx_word' id='word_1_12' title='bbox 1569 284 1666 327; x_wconf 76' lang='lat' dir='ltr'><strong>Pl&#39;u-</strong></span> 
     </span>
     <span class='ocr_line' id='line_1_3' title="bbox 226 363 1664 419; baseline -0.006 -13"><span class='ocrx_word' id='word_1_13' title='bbox 226 367 354 406; x_wconf 83' lang='lat' dir='ltr'><strong>tarch.</strong></span> <span class='ocrx_word' id='word_1_14' title='bbox 386 366 437 404; x_wconf 88' lang='lat' dir='ltr'><strong>de</strong></span> <span class='ocrx_word' id='word_1_15' title='bbox 467 367 557 404; x_wconf 88' lang='lat' dir='ltr'><strong>Am.</strong></span> <span class='ocrx_word' id='word_1_16' title='bbox 589 364 701 405; x_wconf 76' lang='lat' dir='ltr'><strong>divit.</strong></span> <span class='ocrx_word' id='word_1_17' title='bbox 731 379 771 419; x_wconf 87' lang='lat' dir='ltr'><strong>p.</strong></span> <span class='ocrx_word' id='word_1_18' title='bbox 801 367 884 405; x_wconf 75' lang='lat'><strong>527</strong></span> <span class='ocrx_word' id='word_1_19' title='bbox 911 365 958 405; x_wconf 89' lang='lat' dir='ltr'><strong>B.</strong></span> <span class='ocrx_word' id='word_1_20' title='bbox 995 365 1065 416; x_wconf 75' lang='lat'><strong>⁷⁰)</strong></span> <span class='ocrx_word' id='word_1_21' title='bbox 1129 363 1211 403; x_wconf 89' lang='lat' dir='ltr'><strong>Sed</strong></span> <span class='ocrx_word' id='word_1_22' title='bbox 1248 363 1396 404; x_wconf 83' lang='lat' dir='ltr'><strong>Callias</strong></span> <span class='ocrx_word' id='word_1_23' title='bbox 1441 375 1562 415; x_wconf 89' lang='lat' dir='ltr'><strong>quum</strong></span> <span class='ocrx_word' id='word_1_24' title='bbox 1600 372 1664 404; x_wconf 48' lang='lat' dir='ltr'><strong>ses</strong></span> 
     </span>
     <span class='ocr_line' id='line_1_4' title="bbox 226 435 1665 495; baseline -0.002 -12"><span class='ocrx_word' id='word_1_25' title='bbox 226 455 296 483; x_wconf 90' lang='lat' dir='ltr'><strong>cus</strong></span> <span class='ocrx_word' id='word_1_26' title='bbox 335 455 381 481; x_wconf 86' lang='lat' dir='ltr'><strong>ac</strong></span> <span class='ocrx_word' id='word_1_27' title='bbox 418 446 535 494; x_wconf 89' lang='lat' dir='ltr'><strong>pater</strong></span> <span class='ocrx_word' id='word_1_28' title='bbox 572 441 749 491; x_wconf 83' lang='lat' dir='ltr'><strong>fecerat,</strong></span> <span class='ocrx_word' id='word_1_29' title='bbox 793 444 906 482; x_wconf 90' lang='lat' dir='ltr'><strong>cuius</strong></span> <span class='ocrx_word' id='word_1_30' title='bbox 945 435 1233 495; x_wconf 80' lang='grc' dir='ltr'><em>σωφροσύνην</em></span> <span class='ocrx_word' id='word_1_31' title='bbox 1268 441 1406 480; x_wconf 88' lang='lat' dir='ltr'><strong>laudat</strong></span> <span class='ocrx_word' id='word_1_32' title='bbox 1435 439 1665 480; x_wconf 79' lang='lat' dir='ltr'><strong>Andocides</strong></span> 
     </span>
     <span class='ocr_line' id='line_1_5' title="bbox 226 517 1665 571; baseline -0.002 -13"><span class='ocrx_word' id='word_1_33' title='bbox 226 520 276 558; x_wconf 92' lang='lat' dir='ltr'><strong>de</strong></span> <span class='ocrx_word' id='word_1_34' title='bbox 306 520 432 571; x_wconf 82' lang='lat' dir='ltr'><strong>Myst.</strong></span> <span class='ocrx_word' id='word_1_35' title='bbox 463 532 504 571; x_wconf 87' lang='lat' dir='ltr'><strong>p.</strong></span> <span class='ocrx_word' id='word_1_36' title='bbox 535 519 612 558; x_wconf 80' lang='lat'><strong>121</strong></span> <span class='ocrx_word' id='word_1_37' title='bbox 644 520 770 559; x_wconf 89' lang='lat' dir='ltr'><strong>Bekk.</strong></span> <span class='ocrx_word' id='word_1_38' title='bbox 805 522 901 571; x_wconf 71' lang='grc' dir='ltr'><strong>Ἠ),</strong></span> <span class='ocrx_word' id='word_1_39' title='bbox 942 519 1051 558; x_wconf 88' lang='lat' dir='ltr'><strong>omni</strong></span> <span class='ocrx_word' id='word_1_40' title='bbox 1090 518 1343 570; x_wconf 83' lang='lat' dir='ltr'><strong>voluptatum</strong></span> <span class='ocrx_word' id='word_1_41' title='bbox 1372 517 1513 568; x_wconf 78' lang='lat' dir='ltr'>generi</span> <span class='ocrx_word' id='word_1_42' title='bbox 1543 517 1665 556; x_wconf 86' lang='lat' dir='ltr'><strong>liber-</strong></span> 
     </span>
     <span class='ocr_line' id='line_1_6' title="bbox 223 594 1667 647; baseline -0.001 -12"><span class='ocrx_word' id='word_1_43' title='bbox 223 598 326 636; x_wconf 85' lang='lat' dir='ltr'>rime</span> <span class='ocrx_word' id='word_1_44' title='bbox 353 597 607 647; x_wconf 80' lang='lat' dir='ltr'>indulgeret,</span> <span class='ocrx_word' id='word_1_45' title='bbox 644 600 829 647; x_wconf 83' lang='lat' dir='ltr'><strong>acceptas</strong></span> <span class='ocrx_word' id='word_1_46' title='bbox 858 595 1086 635; x_wconf 86' lang='lat' dir='ltr'><strong>hereditate</strong></span> <span class='ocrx_word' id='word_1_47' title='bbox 1116 596 1274 634; x_wconf 78' lang='lat' dir='ltr'><strong>divitias</strong></span> <span class='ocrx_word' id='word_1_48' title='bbox 1303 598 1383 633; x_wconf 89' lang='lat' dir='ltr'><strong>tam</strong></span> <span class='ocrx_word' id='word_1_49' title='bbox 1413 597 1578 633; x_wconf 86' lang='lat' dir='ltr'><strong>strenue</strong></span> <span class='ocrx_word' id='word_1_50' title='bbox 1606 594 1667 634; x_wconf 83' lang='lat' dir='ltr'><strong>di-·</strong></span> 
     </span>
     <span class='ocr_line' id='line_1_7' title="bbox 223 668 1666 725; baseline -0.001 -13"><span class='ocrx_word' id='word_1_51' title='bbox 223 674 428 725; x_wconf 76' lang='lat' dir='ltr'><strong>lapidavit,</strong></span> <span class='ocrx_word' id='word_1_52' title='bbox 458 678 503 712; x_wconf 94' lang='lat' dir='ltr'><strong>ut</strong></span> <span class='ocrx_word' id='word_1_53' title='bbox 533 686 607 712; x_wconf 88' lang='lat' dir='ltr'><strong>suo</strong></span> <span class='ocrx_word' id='word_1_54' title='bbox 641 675 787 713; x_wconf 89' lang='lat' dir='ltr'><strong>merito</strong></span> <span class='ocrx_word' id='word_1_55' title='bbox 817 674 924 713; x_wconf 90' lang='lat' dir='ltr'><strong>inter</strong></span> <span class='ocrx_word' id='word_1_56' title='bbox 952 668 1146 720; x_wconf 80' lang='grc' dir='ltr'><em>ἀσώτους</em></span> <span class='ocrx_word' id='word_1_57' title='bbox 1175 675 1412 712; x_wconf 79' lang='lat' dir='ltr'><strong>numeretur</strong></span> <span class='ocrx_word' id='word_1_58' title='bbox 1441 673 1489 710; x_wconf 90' lang='lat' dir='ltr'><strong>ab</strong></span> <span class='ocrx_word' id='word_1_59' title='bbox 1518 672 1666 711; x_wconf 84' lang='lat' dir='ltr'><strong>Athen.</strong></span> 
     </span>
     <span class='ocr_line' id='line_1_8' title="bbox 224 743 1667 802; baseline -0.001 -12"><span class='ocrx_word' id='word_1_60' title='bbox 224 752 280 792; x_wconf 92' lang='lat' dir='ltr'><strong>1V</strong></span> <span class='ocrx_word' id='word_1_61' title='bbox 310 764 350 802; x_wconf 91' lang='lat' dir='ltr'><strong>p.</strong></span> <span class='ocrx_word' id='word_1_62' title='bbox 381 751 461 789; x_wconf 86' lang='grc'><strong>169</strong></span> <span class='ocrx_word' id='word_1_63' title='bbox 478 764 513 799; x_wconf 88' lang='lat' dir='ltr'><strong>a,</strong></span> <span class='ocrx_word' id='word_1_64' title='bbox 545 763 784 802; x_wconf 86' lang='lat' dir='ltr'><strong>summoque</strong></span> <span class='ocrx_word' id='word_1_65' title='bbox 811 751 900 789; x_wconf 86' lang='lat' dir='ltr'><strong>iure</strong></span> <span class='ocrx_word' id='word_1_66' title='bbox 931 751 1091 802; x_wconf 83' lang='lat' dir='ltr'><strong>qnidam</strong></span> <span class='ocrx_word' id='word_1_67' title='bbox 1121 750 1235 802; x_wconf 85' lang='lat' dir='ltr'><strong>quasi</strong></span> <span class='ocrx_word' id='word_1_68' title='bbox 1262 743 1479 800; x_wconf 77' lang='grc' dir='ltr'><em>ἀλιτήριος</em></span> <span class='ocrx_word' id='word_1_69' title='bbox 1507 749 1667 800; x_wconf 88' lang='lat' dir='ltr'><strong>Hippo-</strong></span> 
     </span>
     <span class='ocr_line' id='line_1_9' title="bbox 222 811 1666 880; baseline -0.001 -14"><span class='ocrx_word' id='word_1_70' title='bbox 222 827 304 866; x_wconf 83' lang='lat' dir='ltr'><strong>nici</strong></span> <span class='ocrx_word' id='word_1_71' title='bbox 334 826 463 866; x_wconf 77' lang='lat' dir='ltr'><strong>fuisse</strong></span> <span class='ocrx_word' id='word_1_72' title='bbox 494 828 652 867; x_wconf 78' lang='lat' dir='ltr'><strong>dicatur</strong></span> <span class='ocrx_word' id='word_1_73' title='bbox 680 829 728 868; x_wconf 77' lang='lat' dir='ltr'><strong>ab</strong></span> <span class='ocrx_word' id='word_1_74' title='bbox 758 828 969 867; x_wconf 86' lang='lat' dir='ltr'><strong>Andocide</strong></span> <span class='ocrx_word' id='word_1_75' title='bbox 1000 828 1052 867; x_wconf 73' lang='lat' dir='ltr'><strong>de</strong></span> <span class='ocrx_word' id='word_1_76' title='bbox 1080 827 1206 880; x_wconf 80' lang='lat' dir='ltr'><strong>Myst.</strong></span> <span class='ocrx_word' id='word_1_77' title='bbox 1235 840 1275 878; x_wconf 83' lang='lat' dir='ltr'><strong>p.</strong></span> <span class='ocrx_word' id='word_1_78' title='bbox 1306 811 1388 865; x_wconf 77' lang='lat'>121&#39;</span> <span class='ocrx_word' id='word_1_79' title='bbox 1417 826 1532 865; x_wconf 71' lang='lat' dir='ltr'><strong>Beki&lt;</strong></span> <span class='ocrx_word' id='word_1_80' title='bbox 1586 825 1666 864; x_wconf 46' lang='lat' dir='ltr'><strong>Im*-</strong></span> 
     </span>
     <span class='ocr_line' id='line_1_10' title="bbox 222 903 1666 957; baseline -0.001 -15"><span class='ocrx_word' id='word_1_81' title='bbox 222 917 360 943; x_wconf 86' lang='lat' dir='ltr'><strong>manes</strong></span> <span class='ocrx_word' id='word_1_82' title='bbox 399 903 575 944; x_wconf 89' lang='lat' dir='ltr'><strong>hominis</strong></span> <span class='ocrx_word' id='word_1_83' title='bbox 611 905 872 957; x_wconf 80' lang='lat' dir='ltr'><strong>profusiones</strong></span> <span class='ocrx_word' id='word_1_84' title='bbox 911 905 1164 956; x_wconf 79' lang='lat' dir='ltr'><strong>maximeque</strong></span> <span class='ocrx_word' id='word_1_85' title='bbox 1206 905 1391 943; x_wconf 87' lang='lat' dir='ltr'><strong>insanum</strong></span> <span class='ocrx_word' id='word_1_86' title='bbox 1438 906 1666 942; x_wconf 88' lang='lat' dir='ltr'><strong>scortorum</strong></span> 
     </span>
     <span class='ocr_line' id='line_1_11' title="bbox 223 980 1666 1034; baseline -0.002 -14"><span class='ocrx_word' id='word_1_87' title='bbox 223 992 403 1020; x_wconf 88' lang='lat' dir='ltr'><strong>amorem</strong></span> <span class='ocrx_word' id='word_1_88' title='bbox 433 985 604 1034; x_wconf 82' lang='lat' dir='ltr'><strong>tangunt</strong></span> <span class='ocrx_word' id='word_1_89' title='bbox 632 981 926 1033; x_wconf 83' lang='lat' dir='ltr'><strong>Aristophanes</strong></span> <span class='ocrx_word' id='word_1_90' title='bbox 956 983 1059 1021; x_wconf 89' lang='lat' dir='ltr'><strong>Ran.</strong></span> <span class='ocrx_word' id='word_1_91' title='bbox 1089 981 1172 1020; x_wconf 74' lang='lat'><strong>432</strong></span> <span class='ocrx_word' id='word_1_92' title='bbox 1201 994 1293 1021; x_wconf 90' lang='lat' dir='ltr'><strong>cum</strong></span> <span class='ocrx_word' id='word_1_93' title='bbox 1322 981 1487 1022; x_wconf 84' lang='lat' dir='ltr'><strong>scholiis</strong></span> <span class='ocrx_word' id='word_1_94' title='bbox 1517 982 1558 1019; x_wconf 84' lang='lat' dir='ltr'><strong>et</strong></span> <span class='ocrx_word' id='word_1_95' title='bbox 1579 980 1666 1018; x_wconf 86' lang='lat' dir='ltr'><strong>He-</strong></span> 
     </span>
     <span class='ocr_line' id='line_1_12' title="bbox 220 1057 1675 1110; baseline -0.001 -14"><span class='ocrx_word' id='word_1_96' title='bbox 220 1057 394 1097; x_wconf 83' lang='lat' dir='ltr'><strong>raclides</strong></span> <span class='ocrx_word' id='word_1_97' title='bbox 416 1058 535 1098; x_wconf 89' lang='lat' dir='ltr'><strong>Pont.</strong></span> <span class='ocrx_word' id='word_1_98' title='bbox 555 1059 662 1110; x_wconf 85' lang='lat' dir='ltr'><strong>apud</strong></span> <span class='ocrx_word' id='word_1_99' title='bbox 680 1059 936 1098; x_wconf 80' lang='lat' dir='ltr'><strong>Athenaeum</strong></span> <span class='ocrx_word' id='word_1_100' title='bbox 956 1059 1035 1097; x_wconf 88' lang='lat' dir='ltr'><strong>XII</strong></span> <span class='ocrx_word' id='word_1_101' title='bbox 1053 1059 1188 1110; x_wconf 84' lang='lat' dir='ltr'><strong>p.537</strong></span> <span class='ocrx_word' id='word_1_102' title='bbox 1203 1059 1255 1106; x_wconf 62' lang='lat' dir='ltr'><strong>b‚‘</strong></span> <span class='ocrx_word' id='word_1_103' title='bbox 1271 1070 1490 1110; x_wconf 89' lang='lat' dir='ltr'><strong>puerorum</strong></span> <span class='ocrx_word' id='word_1_104' title='bbox 1505 1068 1675 1095; x_wconf 66' lang='lat' dir='ltr'><strong>amores⁴</strong></span> 
     </span>
     <span class='ocr_line' id='line_1_13' title="bbox 222 1133 1664 1186; baseline 0 -13"><span class='ocrx_word' id='word_1_105' title='bbox 222 1139 265 1173; x_wconf 84' lang='lat' dir='ltr'><strong>et</strong></span> <span class='ocrx_word' id='word_1_106' title='bbox 301 1134 501 1173; x_wconf 84' lang='lat' dir='ltr'><strong>adulteria</strong></span> <span class='ocrx_word' id='word_1_107' title='bbox 538 1140 702 1186; x_wconf 86' lang='lat' dir='ltr'><strong>praeter</strong></span> <span class='ocrx_word' id='word_1_108' title='bbox 732 1135 909 1186; x_wconf 84' lang='lat' dir='ltr'><strong>Eupolin</strong></span> <span class='ocrx_word' id='word_1_109' title='bbox 946 1134 987 1173; x_wconf 93' lang='lat' dir='ltr'><strong>in</strong></span> <span class='ocrx_word' id='word_1_110' title='bbox 1024 1134 1226 1185; x_wconf 81' lang='lat' dir='ltr'><strong>Autolyco</strong></span> <span class='ocrx_word' id='word_1_111' title='bbox 1269 1134 1562 1186; x_wconf 83' lang='lat' dir='ltr'><strong>Aristophanes</strong></span> <span class='ocrx_word' id='word_1_112' title='bbox 1590 1133 1664 1173; x_wconf 77' lang='lat' dir='ltr'><strong>Av&#39;.</strong></span> 
     </span>
    </p>
   </div>
   <div class='ocr_carea' id='block_1_3' title="bbox 220 1211 1702 1263">
    <p class='ocr_par' dir='ltr' id='par_1_3' title="bbox 220 1211 1702 1263">
     <span class='ocr_line' id='line_1_14' title="bbox 220 1211 1702 1263; baseline -0.001 -12"><span class='ocrx_word' id='word_1_113' title='bbox 220 1211 303 1251; x_wconf 79' lang='lat'><strong>284</strong></span> <span class='ocrx_word' id='word_1_114' title='bbox 334 1215 376 1249; x_wconf 88' lang='lat' dir='ltr'><strong>et</strong></span> <span class='ocrx_word' id='word_1_115' title='bbox 405 1212 594 1251; x_wconf 81' lang='lat' dir='ltr'><strong>Cratinus</strong></span> <span class='ocrx_word' id='word_1_116' title='bbox 624 1212 730 1263; x_wconf 87' lang='lat' dir='ltr'><strong>apud</strong></span> <span class='ocrx_word' id='word_1_117' title='bbox 747 1212 1000 1252; x_wconf 85' lang='lat' dir='ltr'><strong>Scholiasten</strong></span> <span class='ocrx_word' id='word_1_118' title='bbox 1017 1211 1184 1250; x_wconf 90' lang='lat' dir='ltr'><strong>Luciani</strong></span> <span class='ocrx_word' id='word_1_119' title='bbox 1214 1211 1292 1251; x_wconf 77' lang='lat' dir='ltr'><strong>vol.</strong></span> <span class='ocrx_word' id='word_1_120' title='bbox 1324 1211 1363 1250; x_wconf 85' lang='lat'><strong>11</strong></span> <span class='ocrx_word' id='word_1_121' title='bbox 1391 1225 1432 1263; x_wconf 92' lang='lat' dir='ltr'><strong>p.</strong></span> <span class='ocrx_word' id='word_1_122' title='bbox 1449 1213 1542 1260; x_wconf 83' lang='lat'><strong>696,</strong></span> <span class='ocrx_word' id='word_1_123' title='bbox 1571 1223 1666 1263; x_wconf 84' lang='lat' dir='ltr'><strong>per·</strong></span> <span class='ocrx_word' id='word_1_124' title='bbox 1700 1215 1702 1221; x_wconf 91' lang='grc'><strong>’</strong></span> 
     </span>
    </p>
   </div>
   <div class='ocr_carea' id='block_1_4' title="bbox 219 1286 1667 1341">
    <p class='ocr_par' dir='ltr' id='par_1_4' title="bbox 219 1286 1667 1341">
     <span class='ocr_line' id='line_1_15' title="bbox 219 1286 1667 1341; baseline 0 -14"><span class='ocrx_word' id='word_1_125' title='bbox 219 1289 370 1328; x_wconf 90' lang='lat' dir='ltr'><strong>iurium</strong></span> <span class='ocrx_word' id='word_1_126' title='bbox 409 1288 640 1327; x_wconf 87' lang='lat' dir='ltr'><strong>Andocides</strong></span> <span class='ocrx_word' id='word_1_127' title='bbox 671 1289 722 1328; x_wconf 89' lang='lat' dir='ltr'><strong>de</strong></span> <span class='ocrx_word' id='word_1_128' title='bbox 754 1289 877 1341; x_wconf 79' lang='lat' dir='ltr'><strong>Myst.</strong></span> <span class='ocrx_word' id='word_1_129' title='bbox 906 1302 947 1340; x_wconf 87' lang='lat' dir='ltr'><strong>p.</strong></span> <span class='ocrx_word' id='word_1_130' title='bbox 979 1289 1073 1337; x_wconf 90' lang='grc'><strong>119,</strong></span> <span class='ocrx_word' id='word_1_131' title='bbox 1105 1286 1362 1328; x_wconf 83' lang='lat' dir='ltr'><strong>bibacitatem</strong></span> <span class='ocrx_word' id='word_1_132' title='bbox 1392 1288 1584 1331; x_wconf 84' lang='lat' dir='ltr'><strong>Aelianus</strong></span> <span class='ocrx_word' id='word_1_133' title='bbox 1613 1287 1667 1329; x_wconf 18' lang='lat' dir='ltr'><strong>V..</strong></span> 
     </span>
    </p>
   </div>
   <div class='ocr_carea' id='block_1_5' title="bbox 218 1364 1699 1417">
    <p class='ocr_par' dir='ltr' id='par_1_5' title="bbox 218 1364 1699 1417">
     <span class='ocr_line' id='line_1_16' title="bbox 218 1364 1699 1417; baseline -0.001 -11"><span class='ocrx_word' id='word_1_134' title='bbox 218 1367 277 1406; x_wconf 70' lang='lat' dir='ltr'><strong>H.</strong></span> <span class='ocrx_word' id='word_1_135' title='bbox 305 1367 362 1407; x_wconf 93' lang='lat' dir='ltr'><strong>IV</strong></span> <span class='ocrx_word' id='word_1_136' title='bbox 392 1365 458 1405; x_wconf 83' lang='lat'><strong>16.</strong></span> <span class='ocrx_word' id='word_1_137' title='bbox 517 1364 727 1416; x_wconf 88' lang='lat' dir='ltr'><strong>Tanquam</strong></span> <span class='ocrx_word' id='word_1_138' title='bbox 758 1367 970 1406; x_wconf 82' lang='lat' dir='ltr'><strong>muliebria</strong></span> <span class='ocrx_word' id='word_1_139' title='bbox 999 1378 1162 1417; x_wconf 86' lang='lat' dir='ltr'><strong>passum</strong></span> <span class='ocrx_word' id='word_1_140' title='bbox 1193 1381 1215 1406; x_wconf 91' lang='lat' dir='ltr'><strong>a</strong></span> <span class='ocrx_word' id='word_1_141' title='bbox 1244 1366 1400 1406; x_wconf 86' lang='lat' dir='ltr'><strong>Meleto</strong></span> <span class='ocrx_word' id='word_1_142' title='bbox 1431 1379 1524 1405; x_wconf 87' lang='lat' dir='ltr'><strong>eum</strong></span> <span class='ocrx_word' id='word_1_143' title='bbox 1555 1364 1663 1405; x_wconf 86' lang='lat' dir='ltr'><strong>com·</strong></span> <span class='ocrx_word' id='word_1_144' title='bbox 1696 1380 1699 1382; x_wconf 87' lang='lat'>·</span> 
     </span>
    </p>
   </div>
   <div class='ocr_carea' id='block_1_6' title="bbox 218 1442 1663 1574">
    <p class='ocr_par' dir='ltr' id='par_1_6' title="bbox 218 1442 1663 1574">
     <span class='ocr_line' id='line_1_17' title="bbox 218 1442 1662 1496; baseline -0.001 -13"><span class='ocrx_word' id='word_1_145' title='bbox 218 1444 416 1483; x_wconf 84' lang='lat' dir='ltr'><strong>memorat</strong></span> <span class='ocrx_word' id='word_1_146' title='bbox 458 1442 752 1493; x_wconf 81' lang='lat' dir='ltr'><strong>Aristophanes</strong></span> <span class='ocrx_word' id='word_1_147' title='bbox 803 1443 910 1496; x_wconf 84' lang='lat' dir='ltr'><strong>apud</strong></span> <span class='ocrx_word' id='word_1_148' title='bbox 957 1442 1212 1484; x_wconf 84' lang='lat' dir='ltr'><strong>Scholiasten</strong></span> <span class='ocrx_word' id='word_1_149' title='bbox 1259 1443 1441 1484; x_wconf 85' lang='lat' dir='ltr'><strong>Platonis</strong></span> <span class='ocrx_word' id='word_1_150' title='bbox 1484 1457 1524 1495; x_wconf 65' lang='lat' dir='ltr'><strong>p‘.</strong></span> <span class='ocrx_word' id='word_1_151' title='bbox 1567 1443 1662 1482; x_wconf 79' lang='lat'><strong>330.</strong></span> 
     </span>
     <span class='ocr_line' id='line_1_18' title="bbox 218 1518 1663 1574; baseline -0.001 -12"><span class='ocrx_word' id='word_1_152' title='bbox 218 1521 405 1573; x_wconf 86' lang='lat' dir='ltr'><strong>Denique</strong></span> <span class='ocrx_word' id='word_1_153' title='bbox 451 1518 727 1565; x_wconf 73' lang='lat' dir='ltr'><strong>effeminatum</strong></span> <span class='ocrx_word' id='word_1_154' title='bbox 774 1521 951 1560; x_wconf 87' lang='lat' dir='ltr'><strong>hominis</strong></span> <span class='ocrx_word' id='word_1_155' title='bbox 987 1520 1195 1572; x_wconf 82' lang='lat' dir='ltr'><strong>ingenium</strong></span> <span class='ocrx_word' id='word_1_156' title='bbox 1242 1522 1376 1574; x_wconf 83' lang='lat' dir='ltr'><strong>arguit</strong></span> <span class='ocrx_word' id='word_1_157' title='bbox 1421 1521 1663 1560; x_wconf 88' lang='lat' dir='ltr'><strong>immodicus</strong></span> 
     </span>
    </p>
   </div>
   <div class='ocr_carea' id='block_1_7' title="bbox 220 1621 479 1632">
    <p class='ocr_par' dir='ltr' id='par_1_7' title="bbox 220 1621 479 1632">
     <span class='ocr_line' id='line_1_19' title="bbox 220 1621 479 1632; baseline 0 1558"><span class='ocrx_word' id='word_1_158' title='bbox 220 1621 479 1632; x_wconf 95' lang='lat' dir='ltr'><strong> </strong></span> 
     </span>
    </p>
   </div>
   <div class='ocr_carea' id='block_1_8' title="bbox 279 1676 1693 1903">
    <p class='ocr_par' dir='ltr' id='par_1_8' title="bbox 279 1676 1693 1903">
     <span class='ocr_line' id='line_1_20' title="bbox 279 1676 1676 1738; baseline 0.003 -17"><span class='ocrx_word' id='word_1_159' title='bbox 279 1684 348 1734; x_wconf 71' lang='grc'><strong>110)</strong></span> <span class='ocrx_word' id='word_1_160' title='bbox 386 1678 723 1731; x_wconf 77' lang='grc' dir='ltr'><em>Λακκόπλουτος</em></span> <span class='ocrx_word' id='word_1_161' title='bbox 759 1686 906 1724; x_wconf 88' lang='lat' dir='ltr'><strong>dicitur</strong></span> <span class='ocrx_word' id='word_1_162' title='bbox 943 1685 1171 1725; x_wconf 88' lang='lat' dir='ltr'><strong>Themistio</strong></span> <span class='ocrx_word' id='word_1_163' title='bbox 1212 1687 1282 1726; x_wconf 89' lang='lat' dir='ltr'><strong>Or.</strong></span> <span class='ocrx_word' id='word_1_164' title='bbox 1320 1683 1459 1724; x_wconf 83' lang='lat' dir='ltr'>XXIII</span> <span class='ocrx_word' id='word_1_165' title='bbox 1498 1698 1538 1738; x_wconf 91' lang='lat' dir='ltr'><strong>p.</strong></span> <span class='ocrx_word' id='word_1_166' title='bbox 1567 1676 1676 1733; x_wconf 51' lang='lat'><strong>294(</strong></span> 
     </span>
     <span class='ocr_line' id='line_1_21' title="bbox 326 1740 1665 1792; baseline 0.001 -14"><span class='ocrx_word' id='word_1_167' title='bbox 326 1740 435 1790; x_wconf 88' lang='lat' dir='ltr'><strong>quod</strong></span> <span class='ocrx_word' id='word_1_168' title='bbox 467 1752 693 1791; x_wconf 79' lang='lat' dir='ltr'><strong>cognomen</strong></span> <span class='ocrx_word' id='word_1_169' title='bbox 725 1742 851 1780; x_wconf 86' lang='lat' dir='ltr'><strong>ceteri</strong></span> <span class='ocrx_word' id='word_1_170' title='bbox 882 1741 1100 1792; x_wconf 84' lang='lat' dir='ltr'><strong>scriptores</strong></span> <span class='ocrx_word' id='word_1_171' title='bbox 1129 1743 1280 1781; x_wconf 84' lang='lat' dir='ltr'><strong>rectius</strong></span> <span class='ocrx_word' id='word_1_172' title='bbox 1308 1742 1486 1781; x_wconf 87' lang='lat' dir='ltr'><strong>secundo</strong></span> <span class='ocrx_word' id='word_1_173' title='bbox 1511 1742 1665 1781; x_wconf 81' lang='lat' dir='ltr'><strong>Calliae</strong></span> 
     </span>
     <span class='ocr_line' id='line_1_22' title="bbox 326 1795 1693 1849; baseline 0.002 -16"><span class='ocrx_word' id='word_1_174' title='bbox 326 1796 523 1834; x_wconf 85' lang='lat' dir='ltr'><strong>tribuunt.</strong></span> <span class='ocrx_word' id='word_1_175' title='bbox 589 1796 682 1836; x_wconf 89' lang='lat' dir='ltr'><strong>Vid.</strong></span> <span class='ocrx_word' id='word_1_176' title='bbox 709 1795 894 1836; x_wconf 78' lang='lat' dir='ltr'><strong>&#39;Boeckh.</strong></span> <span class='ocrx_word' id='word_1_177' title='bbox 927 1798 1079 1838; x_wconf 89' lang='lat' dir='ltr'><strong>Oecon.</strong></span> <span class='ocrx_word' id='word_1_178' title='bbox 1110 1799 1258 1837; x_wconf 82' lang='lat' dir='ltr'><strong>Athen.</strong></span> <span class='ocrx_word' id='word_1_179' title='bbox 1292 1797 1329 1836; x_wconf 88' lang='lat'><strong>11</strong></span> <span class='ocrx_word' id='word_1_180' title='bbox 1359 1809 1399 1848; x_wconf 86' lang='lat' dir='ltr'><strong>p.</strong></span> <span class='ocrx_word' id='word_1_181' title='bbox 1430 1797 1496 1836; x_wconf 80' lang='lat'><strong>16.</strong></span> <span class='ocrx_word' id='word_1_182' title='bbox 1553 1797 1664 1849; x_wconf 52' lang='lat' dir='ltr'><strong>Alci*</strong></span> <span class='ocrx_word' id='word_1_183' title='bbox 1691 1834 1693 1836; x_wconf 87' lang='lat'><strong>.</strong></span> 
     </span>
     <span class='ocr_line' id='line_1_23' title="bbox 324 1850 1663 1903; baseline 0.002 -15"><span class='ocrx_word' id='word_1_184' title='bbox 324 1850 486 1889; x_wconf 87' lang='lat' dir='ltr'><strong>biadem</strong></span> <span class='ocrx_word' id='word_1_185' title='bbox 526 1850 586 1898; x_wconf 84' lang='lat' dir='ltr'><strong>ei,</strong></span> <span class='ocrx_word' id='word_1_186' title='bbox 626 1856 672 1889; x_wconf 91' lang='lat' dir='ltr'><strong>ut</strong></span> <span class='ocrx_word' id='word_1_187' title='bbox 710 1852 797 1902; x_wconf 86' lang='lat' dir='ltr'><strong>ipse</strong></span> <span class='ocrx_word' id='word_1_188' title='bbox 828 1852 972 1902; x_wconf 88' lang='lat' dir='ltr'><strong>opibus</strong></span> <span class='ocrx_word' id='word_1_189' title='bbox 1002 1854 1222 1903; x_wconf 85' lang='lat' dir='ltr'><strong>potiretur,</strong></span> <span class='ocrx_word' id='word_1_190' title='bbox 1261 1865 1402 1891; x_wconf 88' lang='lat' dir='ltr'><strong>necem</strong></span> <span class='ocrx_word' id='word_1_191' title='bbox 1440 1853 1663 1891; x_wconf 88' lang='lat' dir='ltr'><strong>intendisse</strong></span> 
     </span>
    </p>
   </div>
   <div class='ocr_carea' id='block_1_9' title="bbox 324 1906 1701 1958">
    <p class='ocr_par' dir='ltr' id='par_1_9' title="bbox 324 1906 1701 1958">
     <span class='ocr_line' id='line_1_24' title="bbox 324 1906 1701 1958; baseline 0.002 -14"><span class='ocrx_word' id='word_1_192' title='bbox 324 1909 491 1944; x_wconf 84' lang='lat' dir='ltr'><strong>narrant</strong></span> <span class='ocrx_word' id='word_1_193' title='bbox 507 1906 662 1945; x_wconf 88' lang='lat' dir='ltr'><strong>Andoc.</strong></span> <span class='ocrx_word' id='word_1_194' title='bbox 694 1919 729 1945; x_wconf 89' lang='lat' dir='ltr'><strong>c.</strong></span> <span class='ocrx_word' id='word_1_195' title='bbox 755 1908 884 1946; x_wconf 87' lang='lat' dir='ltr'><strong>Alcib.</strong></span> <span class='ocrx_word' id='word_1_196' title='bbox 898 1920 940 1958; x_wconf 91' lang='lat' dir='ltr'><strong>p.</strong></span> <span class='ocrx_word' id='word_1_197' title='bbox 957 1907 1052 1955; x_wconf 84' lang='lat'>150,</span> <span class='ocrx_word' id='word_1_198' title='bbox 1083 1908 1287 1947; x_wconf 84' lang='lat' dir='ltr'><strong>Plutarch.</strong></span> <span class='ocrx_word' id='word_1_199' title='bbox 1304 1907 1433 1946; x_wconf 90' lang='lat' dir='ltr'><strong>Alcib.</strong></span> <span class='ocrx_word' id='word_1_200' title='bbox 1453 1908 1493 1955; x_wconf 83' lang='lat' dir='ltr'><strong>S,</strong></span> <span class='ocrx_word' id='word_1_201' title='bbox 1524 1908 1669 1947; x_wconf 73' lang='lat' dir='ltr'><strong>Schol.</strong></span> <span class='ocrx_word' id='word_1_202' title='bbox 1689 1915 1701 1953; x_wconf 55' lang='lat' dir='ltr'>f</span> 
     </span>
    </p>
   </div>
   <div class='ocr_carea' id='block_1_10' title="bbox 323 1960 1687 2124">
    <p class='ocr_par' dir='ltr' id='par_1_10' title="bbox 323 1960 1687 2124">
     <span class='ocr_line' id='line_1_25' title="bbox 326 1960 1663 2014; baseline 0.001 -14"><span class='ocrx_word' id='word_1_203' title='bbox 326 1961 495 2000; x_wconf 84' lang='lat' dir='ltr'><strong>Luciani</strong></span> <span class='ocrx_word' id='word_1_204' title='bbox 525 1960 620 2000; x_wconf 83' lang='lat' dir='ltr'><strong>Iove</strong></span> <span class='ocrx_word' id='word_1_205' title='bbox 652 1962 815 2001; x_wconf 84' lang='lat' dir='ltr'><strong>Confut.</strong></span> <span class='ocrx_word' id='word_1_206' title='bbox 847 1975 888 2014; x_wconf 85' lang='lat' dir='ltr'><strong>p.</strong></span> <span class='ocrx_word' id='word_1_207' title='bbox 918 1963 1000 2002; x_wconf 83' lang='lat'><strong>638</strong></span> <span class='ocrx_word' id='word_1_208' title='bbox 1030 1964 1109 2002; x_wconf 80' lang='lat' dir='ltr'><strong>vol.</strong></span> <span class='ocrx_word' id='word_1_209' title='bbox 1128 1964 1180 2012; x_wconf 91' lang='lat'><strong>11,</strong></span> <span class='ocrx_word' id='word_1_210' title='bbox 1212 1975 1330 2014; x_wconf 84' lang='lat' dir='ltr'><strong>quam</strong></span> <span class='ocrx_word' id='word_1_211' title='bbox 1359 1975 1445 2001; x_wconf 87' lang='lat' dir='ltr'><strong>rem</strong></span> <span class='ocrx_word' id='word_1_212' title='bbox 1474 1968 1520 2002; x_wconf 88' lang='lat' dir='ltr'><strong>ut</strong></span> <span class='ocrx_word' id='word_1_213' title='bbox 1550 1967 1663 2003; x_wconf 82' lang='lat' dir='ltr'><strong>ante-</strong></span> 
     </span>
     <span class='ocr_line' id='line_1_26' title="bbox 323 2017 1663 2071; baseline 0.003 -17"><span class='ocrx_word' id='word_1_214' title='bbox 323 2020 525 2064; x_wconf 75' lang='lat' dir='ltr'><strong>verteret,</strong></span> <span class='ocrx_word' id='word_1_215' title='bbox 575 2017 771 2068; x_wconf 87' lang='lat' dir='ltr'><strong>populum</strong></span> <span class='ocrx_word' id='word_1_216' title='bbox 815 2030 939 2069; x_wconf 90' lang='lat' dir='ltr'><strong>opum</strong></span> <span class='ocrx_word' id='word_1_217' title='bbox 983 2030 1146 2057; x_wconf 86' lang='lat' dir='ltr'><strong>suarum</strong></span> <span class='ocrx_word' id='word_1_218' title='bbox 1190 2018 1386 2058; x_wconf 86' lang='lat' dir='ltr'><strong>heredem</strong></span> <span class='ocrx_word' id='word_1_219' title='bbox 1425 2019 1586 2071; x_wconf 86' lang='lat' dir='ltr'><strong>scripsit</strong></span> <span class='ocrx_word' id='word_1_220' title='bbox 1628 2020 1663 2058; x_wconf 87' lang='lat' dir='ltr'><strong>si</strong></span> 
     </span>
     <span class='ocr_line' id='line_1_27' title="bbox 325 2071 1687 2124; baseline 0.002 -15"><span class='ocrx_word' id='word_1_221' title='bbox 325 2071 477 2121; x_wconf 86' lang='lat' dir='ltr'><strong>absque</strong></span> <span class='ocrx_word' id='word_1_222' title='bbox 520 2071 658 2110; x_wconf 86' lang='lat' dir='ltr'><strong>liberis</strong></span> <span class='ocrx_word' id='word_1_223' title='bbox 700 2073 858 2112; x_wconf 87' lang='lat' dir='ltr'><strong>obiiset.</strong></span> <span class='ocrx_word' id='word_1_224' title='bbox 924 2075 1037 2124; x_wconf 78' lang='lat' dir='ltr'><strong>Quae</strong></span> <span class='ocrx_word' id='word_1_225' title='bbox 1075 2080 1144 2113; x_wconf 88' lang='lat' dir='ltr'><strong>res</strong></span> <span class='ocrx_word' id='word_1_226' title='bbox 1180 2081 1368 2113; x_wconf 78' lang='lat' dir='ltr'><strong>eventum</strong></span> <span class='ocrx_word' id='word_1_227' title='bbox 1406 2086 1483 2112; x_wconf 89' lang='lat' dir='ltr'><strong>nec</strong></span> <span class='ocrx_word' id='word_1_228' title='bbox 1521 2074 1687 2113; x_wconf 69' lang='lat' dir='ltr'><strong>habuit⁴</strong></span> 
     </span>
    </p>
   </div>
   <div class='ocr_carea' id='block_1_11' title="bbox 327 2126 1696 2180">
    <p class='ocr_par' dir='ltr' id='par_1_11' title="bbox 327 2126 1696 2180">
     <span class='ocr_line' id='line_1_28' title="bbox 327 2126 1696 2180; baseline 0.002 -16"><span class='ocrx_word' id='word_1_229' title='bbox 327 2126 405 2165; x_wconf 82' lang='lat' dir='ltr'><strong>ne&#39;c</strong></span> <span class='ocrx_word' id='word_1_230' title='bbox 433 2127 588 2165; x_wconf 87' lang='lat' dir='ltr'><strong>habere</strong></span> <span class='ocrx_word' id='word_1_231' title='bbox 615 2129 769 2178; x_wconf 85' lang='lat' dir='ltr'><strong>potuit,</strong></span> <span class='ocrx_word' id='word_1_232' title='bbox 798 2133 885 2167; x_wconf 87' lang='lat' dir='ltr'><strong>tum</strong></span> <span class='ocrx_word' id='word_1_233' title='bbox 917 2129 1026 2179; x_wconf 86' lang='lat' dir='ltr'><strong>quod</strong></span> <span class='ocrx_word' id='word_1_234' title='bbox 1055 2130 1185 2168; x_wconf 88' lang='lat' dir='ltr'><strong>filium</strong></span> <span class='ocrx_word' id='word_1_235' title='bbox 1215 2134 1357 2180; x_wconf 87' lang='lat' dir='ltr'><strong>postea</strong></span> <span class='ocrx_word' id='word_1_236' title='bbox 1388 2130 1542 2179; x_wconf 83' lang='lat' dir='ltr'><strong>genuit,</strong></span> <span class='ocrx_word' id='word_1_237' title='bbox 1574 2133 1696 2172; x_wconf 51' lang='lat' dir='ltr'><strong>tum-2</strong></span> 
     </span>
    </p>
   </div>
   <div class='ocr_carea' id='block_1_12' title="bbox 322 2175 1695 2249">
    <p class='ocr_par' dir='ltr' id='par_1_12' title="bbox 322 2175 1695 2249">
     <span class='ocr_line' id='line_1_29' title="bbox 322 2175 1695 2249; baseline 0.003 -30"><span class='ocrx_word' id='word_1_238' title='bbox 322 2195 419 2220; x_wconf 84' lang='lat' dir='ltr'><strong>vero</strong></span> <span class='ocrx_word' id='word_1_239' title='bbox 461 2183 582 2220; x_wconf 88' lang='lat' dir='ltr'><strong>etiam</strong></span> <span class='ocrx_word' id='word_1_240' title='bbox 616 2184 724 2233; x_wconf 88' lang='lat' dir='ltr'><strong>quod</strong></span> <span class='ocrx_word' id='word_1_241' title='bbox 754 2197 853 2235; x_wconf 89' lang='lat' dir='ltr'><strong>opes</strong></span> <span class='ocrx_word' id='word_1_242' title='bbox 891 2197 984 2223; x_wconf 80' lang='lat' dir='ltr'><strong>suas</strong></span> <span class='ocrx_word' id='word_1_243' title='bbox 1021 2184 1100 2223; x_wconf 90' lang='lat' dir='ltr'><strong>iam</strong></span> <span class='ocrx_word' id='word_1_244' title='bbox 1132 2186 1293 2237; x_wconf 83' lang='lat' dir='ltr'><strong>Olymp.</strong></span> <span class='ocrx_word' id='word_1_245' title='bbox 1323 2183 1457 2223; x_wconf 83' lang='lat' dir='ltr'>XCIII</span> <span class='ocrx_word' id='word_1_246' title='bbox 1486 2185 1512 2222; x_wconf 85' lang='lat'>3</span> <span class='ocrx_word' id='word_1_247' title='bbox 1551 2175 1695 2249; x_wconf 52' lang='lat' dir='ltr'><strong>haud.{</strong></span> 
     </span>
    </p>
   </div>
   <div class='ocr_carea' id='block_1_13' title="bbox 323 2238 1693 2292">
    <p class='ocr_par' dir='ltr' id='par_1_13' title="bbox 323 2238 1693 2292">
     <span class='ocr_line' id='line_1_30' title="bbox 323 2238 1693 2292; baseline 0.002 -17"><span class='ocrx_word' id='word_1_248' title='bbox 323 2238 584 2276; x_wconf 86' lang='lat' dir='ltr'><strong>mediocriter</strong></span> <span class='ocrx_word' id='word_1_249' title='bbox 623 2240 778 2278; x_wconf 86' lang='lat' dir='ltr'><strong>attritas</strong></span> <span class='ocrx_word' id='word_1_250' title='bbox 809 2239 961 2286; x_wconf 89' lang='lat' dir='ltr'><strong>(Arist.</strong></span> <span class='ocrx_word' id='word_1_251' title='bbox 992 2241 1066 2280; x_wconf 90' lang='lat' dir='ltr'><strong>Av.</strong></span> <span class='ocrx_word' id='word_1_252' title='bbox 1097 2241 1208 2292; x_wconf 71' lang='lat'><strong>284)</strong></span> <span class='ocrx_word' id='word_1_253' title='bbox 1252 2242 1394 2280; x_wconf 85' lang='lat' dir='ltr'><strong>decem</strong></span> <span class='ocrx_word' id='word_1_254' title='bbox 1425 2241 1538 2278; x_wconf 88' lang='lat' dir='ltr'><strong>annis</strong></span> <span class='ocrx_word' id='word_1_255' title='bbox 1567 2243 1661 2291; x_wconf 85' lang='lat' dir='ltr'><strong>post</strong></span> <span class='ocrx_word' id='word_1_256' title='bbox 1690 2276 1693 2277; x_wconf 14' lang='grc' dir='ltr'><em>γ</em></span> 
     </span>
    </p>
   </div>
   <div class='ocr_carea' id='block_1_14' title="bbox 321 2294 1695 2350">
    <p class='ocr_par' dir='ltr' id='par_1_14' title="bbox 321 2294 1695 2350">
     <span class='ocr_line' id='line_1_31' title="bbox 321 2294 1695 2350; baseline 0.002 -19"><span class='ocrx_word' id='word_1_257' title='bbox 321 2305 371 2331; x_wconf 86' lang='lat' dir='ltr'><strong>eo</strong></span> <span class='ocrx_word' id='word_1_258' title='bbox 407 2305 538 2350; x_wconf 81' lang='lat' dir='ltr'><strong>usque</strong></span> <span class='ocrx_word' id='word_1_259' title='bbox 577 2294 880 2344; x_wconf 79' lang='lat' dir='ltr'><strong>abligurrierat‚</strong></span> <span class='ocrx_word' id='word_1_260' title='bbox 917 2299 963 2334; x_wconf 92' lang='lat' dir='ltr'><strong>ut</strong></span> <span class='ocrx_word' id='word_1_261' title='bbox 999 2296 1048 2333; x_wconf 87' lang='lat' dir='ltr'><strong>ab</strong></span> <span class='ocrx_word' id='word_1_262' title='bbox 1088 2295 1292 2346; x_wconf 78' lang='lat' dir='ltr'><strong>Iphicrate</strong></span> <span class='ocrx_word' id='word_1_263' title='bbox 1330 2307 1406 2347; x_wconf 88' lang='lat' dir='ltr'><strong>per</strong></span> <span class='ocrx_word' id='word_1_264' title='bbox 1441 2295 1660 2334; x_wconf 88' lang='lat' dir='ltr'><strong>ludibrium</strong></span> <span class='ocrx_word' id='word_1_265' title='bbox 1682 2312 1695 2326; x_wconf 64' lang='grc' dir='ltr'><strong>ι·</strong></span> 
     </span>
    </p>
   </div>
   <div class='ocr_carea' id='block_1_15' title="bbox 321 2349 1564 2402">
    <p class='ocr_par' dir='ltr' id='par_1_15' title="bbox 321 2349 1564 2402">
     <span class='ocr_line' id='line_1_32' title="bbox 321 2349 1564 2402; baseline 0.003 -17"><span class='ocrx_word' id='word_1_266' title='bbox 321 2359 598 2400; x_wconf 72' lang='grc' dir='ltr'><em>μηναγυρτης</em></span> <span class='ocrx_word' id='word_1_267' title='bbox 625 2350 914 2400; x_wconf 87' lang='lat' dir='ltr'><strong>appellaretur.</strong></span> <span class='ocrx_word' id='word_1_268' title='bbox 972 2349 1065 2390; x_wconf 91' lang='lat' dir='ltr'><strong>Vid.</strong></span> <span class='ocrx_word' id='word_1_269' title='bbox 1097 2352 1278 2390; x_wconf 87' lang='lat' dir='ltr'><strong>Boeckh.</strong></span> <span class='ocrx_word' id='word_1_270' title='bbox 1309 2351 1336 2389; x_wconf 92' lang='lat' dir='ltr'><strong>l.</strong></span> <span class='ocrx_word' id='word_1_271' title='bbox 1368 2352 1395 2389; x_wconf 89' lang='lat' dir='ltr'><strong>l.</strong></span> <span class='ocrx_word' id='word_1_272' title='bbox 1425 2364 1464 2402; x_wconf 92' lang='lat' dir='ltr'><strong>p.</strong></span> <span class='ocrx_word' id='word_1_273' title='bbox 1497 2351 1564 2389; x_wconf 81' lang='lat'><strong>17.</strong></span> 
     </span>
    </p>
   </div>
   <div class='ocr_carea' id='block_1_16' title="bbox 271 2396 1695 2456">
    <p class='ocr_par' dir='ltr' id='par_1_16' title="bbox 271 2396 1695 2456">
     <span class='ocr_line' id='line_1_33' title="bbox 271 2396 1695 2456; baseline 0.002 -14"><span class='ocrx_word' id='word_1_274' title='bbox 271 2405 340 2453; x_wconf 85' lang='lat'><strong>&#39;&#39;¹)</strong></span> <span class='ocrx_word' id='word_1_275' title='bbox 370 2404 559 2443; x_wconf 84' lang='lat' dir='ltr'><strong>Eundem</strong></span> <span class='ocrx_word' id='word_1_276' title='bbox 588 2408 724 2443; x_wconf 85' lang='lat' dir='ltr'><strong>tamen</strong></span> <span class='ocrx_word' id='word_1_277' title='bbox 755 2402 856 2443; x_wconf 68' lang='grc' dir='ltr'><strong>οὐδὲ</strong></span> <span class='ocrx_word' id='word_1_278' title='bbox 884 2401 1047 2456; x_wconf 75' lang='grc' dir='ltr'><em>ὀβολοῦ</em></span> <span class='ocrx_word' id='word_1_279' title='bbox 1074 2400 1198 2455; x_wconf 76' lang='grc' dir='ltr'><em>ἄξιον</em></span> <span class='ocrx_word' id='word_1_280' title='bbox 1225 2408 1322 2445; x_wconf 89' lang='lat' dir='ltr'><strong>dicit</strong></span> <span class='ocrx_word' id='word_1_281' title='bbox 1353 2406 1519 2445; x_wconf 77' lang='lat' dir='ltr'><strong>Lucian.</strong></span> <span class='ocrx_word' id='word_1_282' title='bbox 1552 2406 1658 2445; x_wconf 85' lang='lat' dir='ltr'><strong>Tim.</strong></span> <span class='ocrx_word' id='word_1_283' title='bbox 1683 2396 1695 2439; x_wconf 43' lang='grc' dir='ltr'><strong>ξ’</strong></span> 
     </span>
    </p>
   </div>
   <div class='ocr_carea' id='block_1_17' title="bbox 296 2453 1693 2730">
    <p class='ocr_par' dir='ltr' id='par_1_17' title="bbox 319 2453 1693 2564">
     <span class='ocr_line' id='line_1_34' title="bbox 321 2453 1693 2510; baseline 0.001 -13"><span class='ocrx_word' id='word_1_284' title='bbox 321 2459 375 2497; x_wconf 77' lang='lat'><strong>24</strong></span> <span class='ocrx_word' id='word_1_285' title='bbox 407 2463 449 2498; x_wconf 84' lang='lat' dir='ltr'><strong>et</strong></span> <span class='ocrx_word' id='word_1_286' title='bbox 474 2453 733 2510; x_wconf 48' lang='lat' dir='ltr'><strong>‘Innogfi’tvov</strong></span> <span class='ocrx_word' id='word_1_287' title='bbox 763 2464 879 2500; x_wconf 77' lang='lat' dir='ltr'><strong>vocat·</strong></span> <span class='ocrx_word' id='word_1_288' title='bbox 894 2463 1017 2501; x_wconf 85' lang='lat' dir='ltr'><strong>Arist.</strong></span> <span class='ocrx_word' id='word_1_289' title='bbox 1049 2462 1152 2501; x_wconf 86' lang='lat' dir='ltr'><strong>Ran.</strong></span> <span class='ocrx_word' id='word_1_290' title='bbox 1182 2463 1276 2509; x_wconf 76' lang='lat'><strong>432,</strong></span> <span class='ocrx_word' id='word_1_291' title='bbox 1307 2462 1375 2499; x_wconf 89' lang='lat' dir='ltr'><strong>ubi</strong></span> <span class='ocrx_word' id='word_1_292' title='bbox 1405 2460 1498 2498; x_wconf 80' lang='lat' dir='ltr'><strong>vide</strong></span> <span class='ocrx_word' id='word_1_293' title='bbox 1538 2461 1658 2498; x_wconf 89' lang='lat' dir='ltr'><strong>scho-</strong></span> <span class='ocrx_word' id='word_1_294' title='bbox 1676 2463 1693 2484; x_wconf 70' lang='lat'><strong>&#39;¹&#39;</strong></span> 
     </span>
     <span class='ocr_line' id='line_1_35' title="bbox 319 2513 1658 2564; baseline 0.004 -13"><span class='ocrx_word' id='word_1_295' title='bbox 319 2513 386 2552; x_wconf 85' lang='lat' dir='ltr'><strong>lia.</strong></span> <span class='ocrx_word' id='word_1_296' title='bbox 446 2515 731 2554; x_wconf 85' lang='lat' dir='ltr'><strong>Rubicundum</strong></span> <span class='ocrx_word' id='word_1_297' title='bbox 764 2517 845 2554; x_wconf 86' lang='lat' dir='ltr'><strong>oris</strong></span> <span class='ocrx_word' id='word_1_298' title='bbox 875 2517 1076 2564; x_wconf 90' lang='lat' dir='ltr'><strong>colorem,</strong></span> <span class='ocrx_word' id='word_1_299' title='bbox 1108 2518 1230 2556; x_wconf 89' lang='lat' dir='ltr'><strong>nimio</strong></span> <span class='ocrx_word' id='word_1_300' title='bbox 1260 2516 1341 2554; x_wconf 81' lang='lat' dir='ltr'><strong>vini</strong></span> <span class='ocrx_word' id='word_1_301' title='bbox 1369 2527 1445 2555; x_wconf 89' lang='lat' dir='ltr'><strong>usu</strong></span> <span class='ocrx_word' id='word_1_302' title='bbox 1477 2515 1658 2563; x_wconf 86' lang='lat' dir='ltr'><strong>ductum,</strong></span> 
     </span>
    </p>

    <p class='ocr_par' dir='ltr' id='par_1_18' title="bbox 296 2566 1687 2730">
     <span class='ocr_line' id='line_1_36' title="bbox 317 2566 1687 2636; baseline 0.001 -30"><span class='ocrx_word' id='word_1_303' title='bbox 317 2568 473 2607; x_wconf 88' lang='lat' dir='ltr'><strong>indicat</strong></span> <span class='ocrx_word' id='word_1_304' title='bbox 503 2571 674 2621; x_wconf 72' lang='lat' dir='ltr'><strong>Eupolis</strong></span> <span class='ocrx_word' id='word_1_305' title='bbox 703 2572 811 2635; x_wconf 71' lang='lat' dir='ltr'><strong>apud</strong></span> <span class='ocrx_word' id='word_1_306' title='bbox 840 2572 1095 2623; x_wconf 84' lang='lat' dir='ltr'><strong>Hesychium</strong></span> <span class='ocrx_word' id='word_1_307' title='bbox 1134 2585 1166 2611; x_wconf 82' lang='lat' dir='ltr'><strong>S.</strong></span> <span class='ocrx_word' id='word_1_308' title='bbox 1196 2586 1232 2611; x_wconf 86' lang='lat' dir='ltr'><strong>v.</strong></span> <span class='ocrx_word' id='word_1_309' title='bbox 1265 2568 1397 2623; x_wconf 62' lang='lat' dir='ltr'><strong>269⁶in</strong></span> <span class='ocrx_word' id='word_1_310' title='bbox 1426 2566 1687 2636; x_wconf 39' lang='grc' dir='ltr'><strong>Δίονὺσουᾌ</strong></span> 
     </span>
     <span class='ocr_line' id='line_1_37' title="bbox 296 2618 1687 2687; baseline 0.002 -26"><span class='ocrx_word' id='word_1_311' title='bbox 296 2618 505 2687; x_wconf 45' lang='grc' dir='ltr'><em>Ἐὔπολις</em></span> <span class='ocrx_word' id='word_1_312' title='bbox 545 2622 692 2674; x_wconf 76' lang='grc' dir='ltr'><em>Αἰξίν,</em></span> <span class='ocrx_word' id='word_1_313' title='bbox 742 2623 980 2666; x_wconf 80' lang='grc' dir='ltr'><em>Ιππόνικον</em></span> <span class='ocrx_word' id='word_1_314' title='bbox 1016 2622 1245 2675; x_wconf 77' lang='grc' dir='ltr'><em>σκώπτων,</em></span> <span class='ocrx_word' id='word_1_315' title='bbox 1281 2625 1338 2673; x_wconf 74' lang='grc' dir='ltr'><strong>ὡς</strong></span> <span class='ocrx_word' id='word_1_316' title='bbox 1373 2623 1566 2684; x_wconf 67' lang='grc' dir='ltr'><strong>ἐρυθρὸν</strong></span> <span class='ocrx_word' id='word_1_317' title='bbox 1603 2622 1687 2681; x_wconf 59' lang='grc' dir='ltr'><strong>τῇῡρ</strong></span> 
     </span>
     <span class='ocr_line' id='line_1_38' title="bbox 318 2688 432 2730; baseline 0.035 -14"><span class='ocrx_word' id='word_1_318' title='bbox 318 2688 432 2730; x_wconf 68' lang='grc' dir='ltr'><em>οψει.</em></span> 
     </span>
    </p>
   </div>
   <div class='ocr_carea' id='block_1_18' title="bbox 1699 2709 1702 2749">
    <p class='ocr_par' dir='ltr' id='par_1_19' title="bbox 1699 2709 1702 2749">
     <span class='ocr_line' id='line_1_39' title="bbox 1699 2709 1702 2749; baseline 0 0"><span class='ocrx_word' id='word_1_319' title='bbox 1699 2709 1702 2749; x_wconf 84' lang='grc'><strong>1</strong></span> 
     </span>
    </p>
   </div>
   <div class='ocr_carea' id='block_1_19' title="bbox 1686 2808 1702 2861">
    <p class='ocr_par' dir='ltr' id='par_1_20' title="bbox 1686 2808 1702 2861">
     <span class='ocr_line' id='line_1_40' title="bbox 1686 2808 1702 2861; baseline 0 0"><span class='ocrx_word' id='word_1_320' title='bbox 1686 2808 1688 2810; x_wconf 60' lang='grc'><strong>’</strong></span> <span class='ocrx_word' id='word_1_321' title='bbox 1697 2816 1702 2861; x_wconf 64' lang='lat' dir='ltr'><strong>l</strong></span> 
     </span>
    </p>
   </div>
  </div>
 </body>
</html>
