1702 3190
223 190 307 241 210
857 197 1061 226 nemus-

226 297 348 353 ἔτερα
382 283 521 340 αὑτοῦ
555 290 772 351 δράματα.
847 296 1005 338 Eadem
1047 294 1216 345 suidas,
1266 294 1342 336 sed
1384 294 1534 335 omissa
1567 305 1668 335 voce

224 372 426 431 τραγικὸς
453 381 495 418 et
521 377 564 417 in
593 376 677 416 fine
706 375 854 415 additis
880 368 938 420 ὠς
971 368 1262 426 Θυρσοκόμος.
1319 373 1558 425 Temporis,
1588 384 1668 424 quo

225 455 382 504 vixerst,
413 456 681 495 certissimum
709 453 902 493 indicium
930 453 1099 504 praebet
1121 451 1345 492 Didascalia
1366 463 1592 490 marmorea
1619 450 1670 490 ab

227 532 405 574 Oderico
442 534 550 573 edita
587 532 658 574 lin.
689 533 715 571 6
752 528 824 570 ἐπὶ
859 525 1164 582 Ἀντιλοχίδου
1192 558 1203 570 .
1236 558 1247 569 .
1279 557 1290 570 .
1329 525 1516 575 ύσιππος
1551 523 1671 567 ἐνίκα
1692 550 1702 560 2

224 621 308 663 μεν
346 640 358 653 .
387 639 399 657 .
429 639 441 655 ,
471 640 482 655 ,
518 620 604 649 πον
638 603 936 662 Καταχήναις.
1001 608 1111 650 Vicit
1147 608 1272 661 igitur
1309 606 1448 646 fabula
1482 604 1671 646 Κατα-

221 684 389 740 χῆναι
435 689 629 742 inscripta
669 688 831 740 Olymp.
871 685 1080 727 LXXXVI
1123 687 1164 728 2.
1238 685 1380 736 Itaque
1426 688 1540 724 recte
1579 697 1672 725 cum

227 765 358 805 Callia
396 778 490 806 eum
534 766 746 818 coniungit
782 764 1018 806 Athenaeus
1055 763 1156 805 VIII
1201 777 1242 815 p.
1278 762 1398 802 344e
1440 757 1673 815 Λάμπωνα

226 838 306 881 τὸν
342 837 502 894 μάντιν
537 869 593 879 -.
629 839 885 898 κωμῳδοῦσι
913 837 1113 887 Καλλίας
1139 835 1360 889 Πεδήταις
1394 838 1468 878 καὶ
1498 834 1670 879 Λύσιπ,

226 933 308 967 πος
334 914 541 974 Βάκχαις.
596 921 849 962 Baccharum
880 920 976 960 satis
1005 920 1200 971 frequens
1230 918 1395 967 mentio,
1423 917 1536 957 velut
1565 919 1673 970 apud

225 999 485 1042 Athenaeum
502 999 561 1038 111
591 1011 632 1051 p.
663 999 745 1039 124
763 999 802 1040 d.
831 998 932 1041 VIII
960 1011 1001 1050 p.
1032 996 1114 1036 344
1132 1009 1170 1046 e,
1199 996 1409 1035 Pollucem
1424 996 1483 1035 111
1512 997 1583 1038 77.
1603 998 1673 1038 89.
1697 1039 1699 1043 ,

225 1076 266 1118 Χ
300 1078 369 1118 50.
401 1077 483 1118 154
522 1079 564 1116 et
603 1077 857 1128 Stephanum
893 1076 992 1127 Byz.
1029 1086 1062 1116 S.
1099 1086 1138 1115 v,
1181 1069 1426 1123 Θεσσαλία,
1463 1074 1534 1113 ubi
1574 1073 1701 1114 olim?

225 1149 366 1201 Λύσις
400 1155 614 1207 legebatur
649 1167 724 1207 pro
753 1147 998 1199 Λύσιππος.
1069 1152 1132 1192 Ex
1173 1152 1317 1192 eadem
1354 1151 1493 1191 fabula
1530 1151 1674 1192 ductus

228 1236 292 1273 est
313 1245 434 1287 quem
452 1233 603 1273 omisso
623 1232 814 1272 dramatis
837 1230 955 1270 titulo
973 1229 1148 1269 servavit
1170 1241 1331 1269 versum
1348 1228 1494 1270 Pollux
1511 1229 1590 1272 V11
1618 1230 1674 1270 41
1696 1267 1699 1270 ⁴

311 1304 669 1362 οὐδ’ἐπικνάψας
696 1307 772 1349 καὶ
799 1303 996 1355 θειώσας
1023 1304 1100 1355 τὰς
1128 1302 1359 1360 ἀλλοτρίοις
1386 1303 1592 1360 ἐπινοίας,
1664 1313 1669 1319 “

228 1389 299 1440 qui
328 1401 378 1428 ex
404 1389 612 1441 parabasi,
647 1387 691 1427 in
729 1399 808 1439 qua
845 1386 1098 1426 aemulorum
1134 1389 1348 1437 poetarum
1383 1385 1549 1426 iniurias
1577 1374 1697 1439 pro-¹¹

227 1466 414 1519 pulsasse
441 1466 628 1514 videtur,
663 1465 817 1516 petitus
847 1467 923 1504 est.
990 1463 1074 1503 Sed
1104 1462 1156 1501 de
1184 1462 1250 1501 his
1278 1462 1330 1501 ad
1356 1462 1584 1514 fragmenta
1613 1465 1676 1504 di-

227 1556 318 1585 cam
346 1543 564 1597 copiosius.
622 1543 685 1583 De
719 1536 984 1597 Θυρσοκόμῳ
1014 1541 1063 1580 ab
1092 1551 1174 1579 uno
1206 1539 1331 1578 Suida
1361 1546 1676 1582 commemorato

226 1622 339 1675 quod
369 1625 543 1663 statuam
571 1632 654 1660 non
681 1619 829 1661 habeo.
894 1620 958 1660 Ex
993 1618 1159 1658 incertis
1188 1617 1336 1657 fabulis
1366 1629 1470 1668 quae
1498 1619 1678 1660 afferun-

226 1703 297 1740 tur
330 1699 583 1753 fragmenta,
630 1710 773 1739 eorum
810 1710 893 1738 non
941 1697 1153 1749 indignum
1197 1700 1422 1735 memoratu
1459 1700 1521 1735 est
1567 1697 1677 1749 quod

226 1779 404 1819 servavit
442 1776 716 1819 Dicaearchus
752 1776 894 1816 Descr.
932 1776 1077 1815 Graec.
1120 1787 1162 1826 p.
1200 1773 1267 1814 10.
1313 1772 1566 1815 Athenarum
1605 1788 1677 1818 en-

229 1856 408 1897 comium
449 1856 727 1908 complectens
766 1833 1124 1906 elekantissimum.
1191 1850 1389 1891 Eiusdem
1423 1855 1572 1902 poetae
1601 1866 1679 1894 no-

226 1946 323 1975 men
370 1948 446 1988 pro
496 1934 729 1987 Chrysippo
770 1931 1070 1971 restituendum
1117 1929 1352 1981 suspicabar
1395 1928 1576 1982 Etymol.
1614 1932 1693 1974 Μ..

225 2023 270 2065 p.
297 2010 379 2052 531
409 2012 465 2055 54
494 2009 539 2050 οἱ
564 2006 731 2062 κλάδοι,
759 2002 834 2056 οὓς
861 2003 1016 2061 κόρους
1042 2003 1250 2048 καλοῦσιν
1282 2031 1339 2040 -—-
1366 1999 1424 2052 ὥς
1451 2006 1527 2047 καὶ
1557 2003 1694 2064 Χρύ-,

228 2097 416 2134 σιππος·

310 2159 455 2207 Ἀλλὰ
482 2160 626 2221 δᾷδας
654 2157 851 2217 ἡμμένας
877 2159 975 2216 ἐμοὶ
1003 2155 1118 2202 δότω
1145 2157 1212 2208 τὶς
1239 2154 1440 2213 ἔνδοθεν,

247 2269 249 2271 -
311 2242 388 2283 καὶ
414 2238 568 2297 κόρους
596 2237 801 2288 πλεκτοὺς
827 2236 1077 2295 ἀκραιφνεῖς
1104 2233 1314 2293 μυρρίνης
1339 2263 1397 2272 ..-

230 2322 485 2375 Quamquam
514 2322 566 2363 Τ.
596 2319 933 2361 Hemsterhusius
963 2318 1014 2358 ad
1042 2319 1208 2358 Plutum
1236 2330 1277 2369 p.
1292 2317 1375 2356 469
1399 2318 1442 2356 et
1470 2315 1691 2358 Porsonuffl‘

227 2400 332 2442 Λᾶν.
361 2414 403 2453 p.
433 2401 515 2441 267
553 2397 812 2440 esu-attidis
835 2396 1068 2449 Chrysippo
1097 2394 1201 2435 haec
1230 2395 1351 2435 ducta
1378 2398 1535 2447 putant.
1593 2397 1691 2436 De-'w

226 2479 353 2530 nique
381 2478 486 2519 alius
514 2455 720 2531 Lysippus
747 2475 911 2515 videtur
946 2475 982 2514 is
1020 2474 1135 2514 cuius
1163 2473 1347 2512 meminit
1375 2472 1548 2514 Photius
1576 2474 1683 2516 Le1.-

226 2567 270 2610 ι).
297 2555 382 2596 498
417 2557 457 2596 3.
504 2550 718 2607 Σάμακαι
756 2547 1095 2599 Ἔπατοσθὲνης
1138 2544 1331 2589 ἀπέδωκε
1375 2545 1453 2589 τὸν
1489 2546 1676 2606 φορμόνς

229 2628 408 2686 ἄμεινον
448 2629 494 2671 δὲ
530 2628 608 2672 τὸν
642 2627 812 2681 tegmem
848 2625 1068 2682 κάλαμον.·
1122 2620 1235 2667 οὕτω
1274 2622 1518 2676 Λύσιππος.
1583 2627 1673 2670 Nisi

227 2713 339 2754 forte
368 2711 565 2765 Lysaniae
595 2709 749 2750 aliusve
777 2707 1027 2761 grammatici
1056 2718 1204 2747 nomen
1233 2706 1345 2746 latet.
