1702 3190
210 151 293 194 176
833 153 979 187 »ta-ro.

211 262 388 303 missam.
435 258 529 301 Vid.
558 257 697 298 Schol.
727 256 907 296 Platonis
938 252 1065 295 Bekk.
1093 265 1135 305 p.
1163 251 1259 294 831.
1313 248 1364 292 N
1369 247 1429 301 ὺξ
1454 243 1651 303 μακρά,

213 338 425 390 quinquies
461 336 645 384 laudata,
694 333 934 374 Casaubono
971 331 1022 370 ad
1058 330 1207 370 Athen.
1244 329 1303 369 111
1342 341 1385 380 p.
1414 329 1538 367 llod
1574 339 1680 369 nous

214 414 415 455 dissimilis
460 413 687 465 argumenti
731 411 861 451 fuisse
909 409 1070 448 videtur
1105 406 1391 458 Amphitruoni
1429 405 1654 445 Plautinae.

213 493 340 532 «Nox
369 492 476 530 enim
504 492 625 542 longa
653 489 732 529 fuit
758 489 849 536 illa,
877 497 956 537 qua
986 488 1095 524 satus
1125 482 1376 522 Hercules.»
1428 477 1654 535 ἸΙρακλέα

214 568 259 606 ἐκ
302 564 454 614 νυκτὸς
497 562 765 620 γεννώμενον
807 560 974 616 μακρᾶς
1016 563 1214 601 habemus
1258 559 1366 612 apud
1403 559 1654 599 Clementem

215 645 331 685 Alex.
374 644 508 686 Protr.
547 658 590 697 p.
620 645 644 682 9
671 643 783 696 Syll».
845 640 1041 680 Eiusdem
1076 639 1240 678 fabulae
1278 637 1526 677 mentionem
1559 635 1658 674 fecit

216 721 634 773 fortasseHesychius
653 733 684 760 s.
699 732 736 759 v.
755 713 955 769 νησίγδα.
983 710 1190 759 Ξάνται
1219 709 1246 764 ἢ
1276 712 1556 768 Κέρκωπες
1579 713 1658 751 hoc
1691 765 1698 769 ἢ

215 799 339 850 pleno
380 797 500 838 titulo
538 810 619 836 non
655 797 734 835 nisi
767 809 790 836 a
825 795 950 835 Suida
983 798 1025 833 et
1061 793 1244 835 Eudocia
1279 795 1658 832 commemorantur.
1695 790 1697 792 ’

217 875 390 914 Photius
418 887 452 914 s.
481 888 519 914 v.
549 866 761 921 τευτάζειν
790 876 831 911 et
845 872 1100 913 Andronicus
1129 871 1366 924 simpliciter
1392 865 1558 911 Ξάνται
1585 880 1658 907 vo-

218 956 330 1001 cant3
359 964 464 992 unus
479 951 733 1004 Hephaestio
763 942 983 1002 Ξάντριαι.
1042 949 1097 988 Et
1125 948 1184 987 sic
1211 947 1386 987 fortasse
1416 948 1538 986 etiam
1561 947 1659 996 Ety⁴
1695 930 1698 931 ⁷

218 1028 315 1070 mol.
353 1030 414 1069 M.
449 1042 491 1082 p.
528 1028 611 1067 595
650 1028 720 1076 40,
760 1027 795 1065 si
830 1039 927 1066 vera
964 1031 1058 1064 sunt
1099 1038 1202 1076 quae
1239 1025 1376 1063 monui
1413 1023 1532 1063 Curis
1569 1021 1658 1060 crit.

218 1119 259 1158 p.
289 1106 364 1156 40,7
393 1118 501 1145 nunc
539 1105 661 1143 etiam
691 1103 913 1143 Gaisfordii
950 1102 1001 1141 ad
1029 1102 1258 1154 Hephaest.
1296 1115 1337 1154 p.
1368 1102 1419 1141 91
1459 1109 1658 1139 consensu

220 1183 492 1234 comprobata.
559 1180 605 1221 In
634 1181 712 1220 hac
739 1180 877 1219 fabula
906 1179 1130 1218 Herculem
1159 1180 1448 1219 carminantem
1476 1175 1660 1217 introdu·
1690 1204 1694 1206 v

219 1264 329 1298 ctum
358 1259 486 1298 fuisse
515 1271 564 1297 ex
593 1259 711 1297 titulo
740 1257 930 1297 dramatis
951 1257 1216 1309 probabiliter
1245 1257 1418 1296 coniecit
1434 1254 1660 1295 Lobeckius
1691 1277 1696 1290 .

220 1335 423 1387 Aglaoph.
460 1348 500 1388 p.
542 1337 665 1377 1303.
742 1329 1061 1388 Παιδάριον
1106 1338 1396 1374 commemorat
1433 1331 1660 1372 Scholiasta
1694 1368 1701 1374 J

221 1412 503 1464 Aristophanis
534 1413 629 1452 Pac.
659 1412 852 1452 733.948
880 1415 921 1451 et
949 1412 1045 1451 hinc
1071 1411 1216 1451 Suidas
1246 1424 1278 1451 s,
1309 1424 1346 1451 v.
1378 1404 1658 1463 ΙΙαράβασις,
1688 1423 1697 1430 ’-

221 1491 290 1541 qui
329 1490 370 1528 in
408 1501 580 1528 recensu
619 1489 849 1529 fabularum
877 1488 1175 1529 Platonicorum
1203 1482 1400 1527 Παιδίον
1433 1487 1578 1534 habet,
1614 1487 1660 1523 ut

222 1566 477 1607 Andronicus
507 1571 549 1604 et
575 1567 773 1607 Eudocia.
809 1566 930 1618 Apud
957 1568 1215 1610 Athenaeum
1243 1566 1323 1607 V11
1350 1579 1393 1618 p.
1420 1564 1500 1604 316
1518 1576 1540 1602 c
1567 1561 1661 1601 libri
1692 1580 1694 1585 ι

220 1642 374 1682 habent
403 1635 594 1695 Πλάτων
619 1639 776 1695 Παιδί,
805 1644 914 1696 quod
941 1647 984 1687 in
1011 1641 1190 1699 Παιδίῳ
1219 1644 1430 1685 mutatum.
1465 1639 1662 1683 Eiusdem

222 1719 388 1759 fabulae
428 1732 578 1760 nomen
614 1722 747 1762 minus
793 1727 908 1762 recte
944 1722 1281 1763 Hemsterhusius
1320 1721 1450 1761 latere
1492 1718 1662 1771 putabat
1684 1722 1697 1746 ί

223 1798 331 1849 apud
360 1797 498 1837 Schol.
528 1798 636 1839 Plut.
654 1800 750 1849 179,
777 1800 849 1839 ubi
875 1798 1063 1839 laudatur
1091 1793 1283 1838 Πλάτων
1307 1795 1354 1836 ἐν
1383 1794 1441 1852 τῷ
1467 1791 1660 1848 Φαίδρῳ,

224 1887 343 1927 quam
380 1874 558 1914 fabulam
604 1876 756 1916 diserte
793 1877 1043 1917 Scholiastes
1079 1876 1274 1916 archonte
1309 1874 1496 1916 Philocle
1530 1877 1660 1912 actam
1677 1890 1698 1918 22·

226 1965 317 1991 esse
347 1955 532 2000 testatur,
572 1952 615 1993 h.
646 1966 682 1993 e.
714 1954 876 2006 Olymp.
906 1954 1060 1995 XCVII
1089 1954 1130 1994 1.
1193 1952 1318 2004 Atqui
1343 1950 1556 2003 parabasin
1587 1924 1692 2006 har:

225 2029 314 2069 buit
341 2024 612 2083 Παιδάριον,
649 2035 696 2070 ut
732 2035 889 2071 constat
927 2044 951 2070 e
986 2031 1211 2071 Scholiasta
1248 2027 1530 2081 Aristophanis
1566 2027 1660 2066 Pac.
1686 2018 1693 2056 f

226 2106 523 2158 733.1taque
552 2106 748 2147 archonte
776 2107 962 2149 Philocle
983 2109 1122 2149 doceri
1150 2121 1232 2149 non
1259 2107 1406 2161 potuit.
1435 2105 1521 2146 Cfr.
1536 2087 1688 2146 Eich-ss«

225 2182 359 2222 staedt
387 2182 440 2222 de
467 2184 658 2223 Dramate
688 2186 879 2226 Comico-
861 2192 1011 2240 -satyr
1039 2200 1080 2239 p.
1109 2186 1179 2226 76.
1687 2178 1689 2182 ¹

335 2255 694 2314 Heioavapog.
748 2264 838 2304 Duo
869 2264 1055 2304 Pisandri
1082 2265 1124 2304 in
1151 2264 1314 2302 illorum
1343 2263 1571 2312 temporum
1598 2228 1696 2325 him}

227 2337 351 2377 storia
379 2345 765 2391 commemorantur,
794 2355 966 2393 quorum
996 2343 1099 2382 alter
1128 2341 1278 2381 nullius
1306 2339 1429 2378 homo
1459 2334 1697 2395 dignitatis

229 2410 434 2466 σῖρὲβλὸς
479 2417 626 2456 dicitur
663 2418 855 2470 Eupolidi
897 2419 1005 2472 apud
1040 2419 1307 2460 Scholiastam
1343 2414 1547 2466 Aristoph.
1587 2411 1686 2458 Avussi

231 2490 354 2540 1555,
385 2493 502 2543 alter,
532 2495 789 2535 celeberrimi
817 2497 991 2536 nominis
1020 2497 1280 2547 demagogus‚
1308 2492 1506 2546 populare
1534 2493 1683 2543 impe*¹

229 2568 335 2607 rium
363 2576 565 2611 everterat
601 2576 722 2624 atque
759 2577 804 2613 ut
841 2573 1124 2627 quadringenti
1151 2572 1226 2612 viri
1254 2571 1543 2622 rempublicam
1571 2579 1681 2609 cum»

231 2656 387 2685 summa
413 2652 616 2700 potestate
643 2649 971 2692 administrarent
998 2652 1204 2692 effecerat.
1254 2649 1320 2706 ¹V·
1349 2630 1534 2701 Thucyd.
1563 2642 1660 2690 vul
