<?xml version="1.0" encoding="UTF-8"?>
<!DOCTYPE html PUBLIC "-//W3C//DTD XHTML 1.0 Transitional//EN"
    "http://www.w3.org/TR/xhtml1/DTD/xhtml1-transitional.dtd">
<html xmlns="http://www.w3.org/1999/xhtml" xml:lang="en" lang="en">
 <head>
  <title>
</title>
<meta http-equiv="Content-Type" content="text/html;charset=utf-8" />
  <meta name='ocr-system' content='tesseract 3.04.00' />
  <meta name='ocr-capabilities' content='ocr_page ocr_carea ocr_par ocr_line ocrx_word'/>
</head>
<body>
  <div class='ocr_page' id='page_1' title='image "./fragmentacomicor01meinuoft_0088.png"; bbox 0 0 1702 3190; ppageno 0'>
   <div class='ocr_carea' id='block_1_1' title="bbox 223 192 1208 231">
    <p class='ocr_par' dir='ltr' id='par_1_1' title="bbox 223 192 1208 231">
     <span class='ocr_line' id='line_1_1' title="bbox 223 192 1208 231; baseline 0.005 -9"><span class='ocrx_word' id='word_1_1' title='bbox 223 192 278 231; x_wconf 72' lang='lat'><strong>00</strong></span> <span class='ocrx_word' id='word_1_2' title='bbox 683 198 848 226; x_wconf 66' lang='lat' dir='ltr'><strong>omres.</strong></span> <span class='ocrx_word' id='word_1_3' title='bbox 905 197 1208 227; x_wconf 62' lang='lat' dir='ltr'><strong>tamassanus.</strong></span> 
     </span>
    </p>
   </div>
   <div class='ocr_carea' id='block_1_2' title="bbox 209 288 1702 2285">
    <p class='ocr_par' dir='ltr' id='par_1_2' title="bbox 225 288 1699 1352">
     <span class='ocr_line' id='line_1_2' title="bbox 228 288 1679 348; baseline -0.005 -8"><span class='ocrx_word' id='word_1_4' title='bbox 228 301 289 340; x_wconf 80' lang='lat' dir='ltr'><strong>Ita</strong></span> <span class='ocrx_word' id='word_1_5' title='bbox 319 288 671 346; x_wconf 75' lang='grc' dir='ltr'><em>ἄναβιώσασθαι</em></span> <span class='ocrx_word' id='word_1_6' title='bbox 693 295 792 336; x_wconf 85' lang='lat' dir='ltr'><strong>dixit</strong></span> <span class='ocrx_word' id='word_1_7' title='bbox 823 297 954 337; x_wconf 80' lang='lat' dir='ltr'><strong>activo</strong></span> <span class='ocrx_word' id='word_1_8' title='bbox 983 309 1104 336; x_wconf 85' lang='lat' dir='ltr'><strong>sensu</strong></span> <span class='ocrx_word' id='word_1_9' title='bbox 1121 309 1195 348; x_wconf 81' lang='lat' dir='ltr'><strong>pro</strong></span> <span class='ocrx_word' id='word_1_10' title='bbox 1224 292 1408 344; x_wconf 82' lang='grc' dir='ltr'><em>ποιῆσαι</em></span> <span class='ocrx_word' id='word_1_11' title='bbox 1435 289 1679 346; x_wconf 62' lang='grc' dir='ltr'><strong><em>ἀναβιῶναι</em></strong></span> 
     </span>
     <span class='ocr_line' id='line_1_3' title="bbox 225 368 1677 427; baseline -0.001 -12"><span class='ocrx_word' id='word_1_12' title='bbox 225 375 334 427; x_wconf 84' lang='lat' dir='ltr'><strong>apud</strong></span> <span class='ocrx_word' id='word_1_13' title='bbox 373 374 537 414; x_wconf 82' lang='lat' dir='ltr'><strong>Suidam</strong></span> <span class='ocrx_word' id='word_1_14' title='bbox 576 387 609 414; x_wconf 87' lang='lat' dir='ltr'><strong>s.</strong></span> <span class='ocrx_word' id='word_1_15' title='bbox 646 388 684 415; x_wconf 75' lang='lat' dir='ltr'><strong>v,</strong></span> <span class='ocrx_word' id='word_1_16' title='bbox 723 369 904 425; x_wconf 72' lang='grc' dir='ltr'><em>ἀνεβίω,</em></span> <span class='ocrx_word' id='word_1_17' title='bbox 942 378 983 412; x_wconf 89' lang='lat' dir='ltr'><strong>et</strong></span> <span class='ocrx_word' id='word_1_18' title='bbox 1019 370 1250 426; x_wconf 78' lang='grc' dir='ltr'><em>πάμπαλιν</em></span> <span class='ocrx_word' id='word_1_19' title='bbox 1283 387 1359 425; x_wconf 85' lang='lat' dir='ltr'><strong>pro</strong></span> <span class='ocrx_word' id='word_1_20' title='bbox 1403 368 1535 412; x_wconf 81' lang='grc' dir='ltr'><strong><em>πάλιν</em></strong></span> <span class='ocrx_word' id='word_1_21' title='bbox 1570 371 1677 425; x_wconf 78' lang='lat' dir='ltr'><strong>apud</strong></span> 
     </span>
     <span class='ocr_line' id='line_1_4' title="bbox 225 445 1680 504; baseline -0.003 -12"><span class='ocrx_word' id='word_1_22' title='bbox 225 453 482 492; x_wconf 78' lang='lat' dir='ltr'><strong>Athenaeum</strong></span> <span class='ocrx_word' id='word_1_23' title='bbox 512 451 571 492; x_wconf 89' lang='lat' dir='ltr'><strong>VI</strong></span> <span class='ocrx_word' id='word_1_24' title='bbox 600 462 640 503; x_wconf 89' lang='lat' dir='ltr'><strong>p.</strong></span> <span class='ocrx_word' id='word_1_25' title='bbox 663 453 744 491; x_wconf 80' lang='lat'><strong>268</strong></span> <span class='ocrx_word' id='word_1_26' title='bbox 765 465 787 490; x_wconf 84' lang='lat' dir='ltr'><strong>a</strong></span> <span class='ocrx_word' id='word_1_27' title='bbox 817 446 894 502; x_wconf 71' lang='grc' dir='ltr'><strong>ἐγώ</strong></span> <span class='ocrx_word' id='word_1_28' title='bbox 926 446 1007 504; x_wconf 73' lang='grc' dir='ltr'><strong>γὰρ</strong></span> <span class='ocrx_word' id='word_1_29' title='bbox 1035 447 1149 490; x_wconf 78' lang='grc' dir='ltr'><strong><em>αὐτὰ</em></strong></span> <span class='ocrx_word' id='word_1_30' title='bbox 1178 445 1505 504; x_wconf 68' lang='grc' dir='ltr'><strong><em>πάμπαλινιτὰ</em></strong></span> <span class='ocrx_word' id='word_1_31' title='bbox 1531 445 1680 503; x_wconf 72' lang='grc' dir='ltr'><em>θερμὰ</em></span> 
     </span>
     <span class='ocr_line' id='line_1_5' title="bbox 225 522 1681 581; baseline 0.001 -15"><span class='ocrx_word' id='word_1_32' title='bbox 225 523 388 581; x_wconf 80' lang='grc' dir='ltr'><em>λουτρὰ</em></span> <span class='ocrx_word' id='word_1_33' title='bbox 424 525 595 581; x_wconf 71' lang='grc' dir='ltr'><em>πρῶτον</em></span> <span class='ocrx_word' id='word_1_34' title='bbox 630 524 718 578; x_wconf 73' lang='grc' dir='ltr'><strong>ἄξω</strong></span> <span class='ocrx_word' id='word_1_35' title='bbox 754 528 844 575; x_wconf 79' lang='grc' dir='ltr'><em>τοῖς</em></span> <span class='ocrx_word' id='word_1_36' title='bbox 880 526 1010 580; x_wconf 78' lang='grc' dir='ltr'><em>ἐμοῖς.</em></span> <span class='ocrx_word' id='word_1_37' title='bbox 1083 529 1213 568; x_wconf 86' lang='lat' dir='ltr'><strong>Porro</strong></span> <span class='ocrx_word' id='word_1_38' title='bbox 1251 522 1538 580; x_wconf 67' lang='grc' dir='ltr'><em>ἐθελόσυχνος</em></span> <span class='ocrx_word' id='word_1_39' title='bbox 1574 528 1681 580; x_wconf 81' lang='lat' dir='ltr'><strong>apud</strong></span> 
     </span>
     <span class='ocr_line' id='line_1_6' title="bbox 225 599 1681 661; baseline -0.003 -14"><span class='ocrx_word' id='word_1_40' title='bbox 225 606 407 658; x_wconf 84' lang='lat' dir='ltr'><strong>Etymol.</strong></span> <span class='ocrx_word' id='word_1_41' title='bbox 447 607 506 647; x_wconf 93' lang='lat' dir='ltr'><strong>M.</strong></span> <span class='ocrx_word' id='word_1_42' title='bbox 546 620 587 659; x_wconf 89' lang='lat' dir='ltr'><strong>p.</strong></span> <span class='ocrx_word' id='word_1_43' title='bbox 617 608 703 647; x_wconf 78' lang='lat'><strong>299</strong></span> <span class='ocrx_word' id='word_1_44' title='bbox 741 607 811 655; x_wconf 81' lang='lat'><strong>30,</strong></span> <span class='ocrx_word' id='word_1_45' title='bbox 857 599 1042 653; x_wconf 75' lang='grc' dir='ltr'><em>τάκωνες</em></span> <span class='ocrx_word' id='word_1_46' title='bbox 1085 607 1136 646; x_wconf 88' lang='lat' dir='ltr'><strong>de</strong></span> <span class='ocrx_word' id='word_1_47' title='bbox 1172 602 1408 661; x_wconf 69' lang='grc' dir='ltr'><em>γαστριδίῳ</em></span> <span class='ocrx_word' id='word_1_48' title='bbox 1443 602 1681 660; x_wconf 79' lang='grc' dir='ltr'><em>ἡδυσμένῳ,</em></span> 
     </span>
     <span class='ocr_line' id='line_1_7' title="bbox 227 682 1683 735; baseline 0.001 -12"><span class='ocrx_word' id='word_1_49' title='bbox 227 684 337 735; x_wconf 87' lang='lat' dir='ltr'><strong>quod</strong></span> <span class='ocrx_word' id='word_1_50' title='bbox 367 684 495 723; x_wconf 87' lang='lat' dir='ltr'><strong>semel</strong></span> <span class='ocrx_word' id='word_1_51' title='bbox 525 688 566 722; x_wconf 89' lang='lat' dir='ltr'><strong>et</strong></span> <span class='ocrx_word' id='word_1_52' title='bbox 602 695 729 723; x_wconf 91' lang='lat' dir='ltr'><strong>unum</strong></span> <span class='ocrx_word' id='word_1_53' title='bbox 770 683 918 723; x_wconf 84' lang='lat' dir='ltr'>dixisse</span> <span class='ocrx_word' id='word_1_54' title='bbox 950 685 1155 724; x_wconf 80' lang='lat' dir='ltr'><strong>Cratetem</strong></span> <span class='ocrx_word' id='word_1_55' title='bbox 1192 689 1334 723; x_wconf 84' lang='lat' dir='ltr'>auctor</span> <span class='ocrx_word' id='word_1_56' title='bbox 1361 689 1423 723; x_wconf 86' lang='lat' dir='ltr'><strong>est</strong></span> <span class='ocrx_word' id='word_1_57' title='bbox 1454 684 1597 723; x_wconf 83' lang='lat' dir='ltr'><strong>Pollux</strong></span> <span class='ocrx_word' id='word_1_58' title='bbox 1624 682 1683 724; x_wconf 83' lang='lat' dir='ltr'><strong>Vl</strong></span> 
     </span>
     <span class='ocr_line' id='line_1_8' title="bbox 226 751 1699 813; baseline -0.001 -13"><span class='ocrx_word' id='word_1_59' title='bbox 226 760 298 800; x_wconf 78' lang='lat'><strong>53.</strong></span> <span class='ocrx_word' id='word_1_60' title='bbox 360 761 545 800; x_wconf 86' lang='lat' dir='ltr'><strong>Insolitas</strong></span> <span class='ocrx_word' id='word_1_61' title='bbox 583 774 718 800; x_wconf 85' lang='lat' dir='ltr'><strong>crases</strong></span> <span class='ocrx_word' id='word_1_62' title='bbox 760 760 958 800; x_wconf 85' lang='lat' dir='ltr'><strong>habemus</strong></span> <span class='ocrx_word' id='word_1_63' title='bbox 993 761 1035 800; x_wconf 90' lang='lat' dir='ltr'><strong>in</strong></span> <span class='ocrx_word' id='word_1_64' title='bbox 1073 761 1172 800; x_wconf 90' lang='lat' dir='ltr'><strong>locis</strong></span> <span class='ocrx_word' id='word_1_65' title='bbox 1203 761 1309 813; x_wconf 85' lang='lat' dir='ltr'><strong>apud</strong></span> <span class='ocrx_word' id='word_1_66' title='bbox 1339 761 1594 802; x_wconf 81' lang='lat' dir='ltr'><strong>Athenaeum</strong></span> <span class='ocrx_word' id='word_1_67' title='bbox 1622 751 1699 802; x_wconf 74' lang='lat' dir='ltr'><strong>Vr</strong></span> 
     </span>
     <span class='ocr_line' id='line_1_9' title="bbox 226 830 1684 891; baseline -0.003 -13"><span class='ocrx_word' id='word_1_68' title='bbox 226 851 269 890; x_wconf 88' lang='lat' dir='ltr'><strong>p.</strong></span> <span class='ocrx_word' id='word_1_69' title='bbox 299 839 419 877; x_wconf 78' lang='lat' dir='ltr'><strong>268a</strong></span> <span class='ocrx_word' id='word_1_70' title='bbox 455 850 523 875; x_wconf 86' lang='grc' dir='ltr'><strong>τοι</strong></span> <span class='ocrx_word' id='word_1_71' title='bbox 551 835 629 889; x_wconf 75' lang='grc' dir='ltr'><strong>ἐγώ</strong></span> <span class='ocrx_word' id='word_1_72' title='bbox 664 843 704 877; x_wconf 85' lang='lat' dir='ltr'><strong>et</strong></span> <span class='ocrx_word' id='word_1_73' title='bbox 733 830 901 891; x_wconf 69' lang='grc' dir='ltr'><em>θῦδωρ,</em></span> <span class='ocrx_word' id='word_1_74' title='bbox 930 837 1106 877; x_wconf 80' lang='lat' dir='ltr'><strong>fortasse</strong></span> <span class='ocrx_word' id='word_1_75' title='bbox 1135 839 1258 878; x_wconf 88' lang='lat' dir='ltr'><strong>etiam</strong></span> <span class='ocrx_word' id='word_1_76' title='bbox 1285 851 1325 890; x_wconf 88' lang='lat' dir='ltr'><strong>p.</strong></span> <span class='ocrx_word' id='word_1_77' title='bbox 1355 838 1474 877; x_wconf 76' lang='lat'>2671·</span> <span class='ocrx_word' id='word_1_78' title='bbox 1499 847 1684 889; x_wconf 79' lang='grc' dir='ltr'><em>παρατι-</em></span> 
     </span>
     <span class='ocr_line' id='line_1_10' title="bbox 226 904 1696 968; baseline -0.001 -15"><span class='ocrx_word' id='word_1_79' title='bbox 226 913 322 954; x_wconf 70' lang='grc' dir='ltr'><strong>θοῦ</strong></span> <span class='ocrx_word' id='word_1_80' title='bbox 356 904 389 953; x_wconf 83' lang='grc' dir='ltr'><em>ὦ</em></span> <span class='ocrx_word' id='word_1_81' title='bbox 420 909 618 968; x_wconf 72' lang='grc' dir='ltr'><strong>τράπεζα.</strong></span> <span class='ocrx_word' id='word_1_82' title='bbox 681 915 839 954; x_wconf 88' lang='lat' dir='ltr'><strong>Doricis</strong></span> <span class='ocrx_word' id='word_1_83' title='bbox 876 915 1021 953; x_wconf 86' lang='lat' dir='ltr'><strong>formis</strong></span> <span class='ocrx_word' id='word_1_84' title='bbox 1055 927 1152 955; x_wconf 87' lang='lat' dir='ltr'><strong>usus</strong></span> <span class='ocrx_word' id='word_1_85' title='bbox 1193 920 1258 955; x_wconf 88' lang='lat' dir='ltr'><strong>est</strong></span> <span class='ocrx_word' id='word_1_86' title='bbox 1295 916 1402 968; x_wconf 87' lang='lat' dir='ltr'><strong>apud</strong></span> <span class='ocrx_word' id='word_1_87' title='bbox 1438 915 1588 955; x_wconf 86' lang='lat' dir='ltr'><strong>Athen.</strong></span> <span class='ocrx_word' id='word_1_88' title='bbox 1623 912 1696 953; x_wconf 63' lang='lat'><strong>111,</strong></span> 
     </span>
     <span class='ocr_line' id='line_1_11' title="bbox 228 988 1685 1046; baseline -0.001 -13"><span class='ocrx_word' id='word_1_89' title='bbox 228 1007 270 1046; x_wconf 86' lang='lat' dir='ltr'><strong>p.</strong></span> <span class='ocrx_word' id='word_1_90' title='bbox 303 994 385 1033; x_wconf 77' lang='lat'><strong>117</strong></span> <span class='ocrx_word' id='word_1_91' title='bbox 406 995 431 1032; x_wconf 95' lang='lat' dir='ltr'><strong>b</strong></span> <span class='ocrx_word' id='word_1_92' title='bbox 467 988 722 1044; x_wconf 61' lang='grc' dir='ltr'><em>ποδάνεμος,</em></span> <span class='ocrx_word' id='word_1_93' title='bbox 753 996 794 1031; x_wconf 86' lang='lat' dir='ltr'><strong>et</strong></span> <span class='ocrx_word' id='word_1_94' title='bbox 824 992 931 1044; x_wconf 88' lang='lat' dir='ltr'><strong>apud</strong></span> <span class='ocrx_word' id='word_1_95' title='bbox 958 991 1114 1031; x_wconf 89' lang='lat' dir='ltr'><strong>Polluc.</strong></span> <span class='ocrx_word' id='word_1_96' title='bbox 1148 994 1205 1034; x_wconf 96' lang='lat' dir='ltr'><strong>lV</strong></span> <span class='ocrx_word' id='word_1_97' title='bbox 1234 994 1315 1032; x_wconf 83' lang='lat'><strong>183</strong></span> <span class='ocrx_word' id='word_1_98' title='bbox 1345 988 1581 1043; x_wconf 76' lang='grc' dir='ltr'><em>ποτιβαλῶ,</em></span> <span class='ocrx_word' id='word_1_99' title='bbox 1611 991 1685 1031; x_wconf 81' lang='lat' dir='ltr'><strong>sed</strong></span> 
     </span>
     <span class='ocr_line' id='line_1_12' title="bbox 228 1069 1683 1121; baseline -0.001 -12"><span class='ocrx_word' id='word_1_100' title='bbox 228 1069 298 1109; x_wconf 86' lang='lat' dir='ltr'><strong>hic</strong></span> <span class='ocrx_word' id='word_1_101' title='bbox 327 1071 492 1120; x_wconf 87' lang='lat' dir='ltr'><strong>quidem</strong></span> <span class='ocrx_word' id='word_1_102' title='bbox 521 1072 562 1110; x_wconf 87' lang='lat' dir='ltr'><strong>in</strong></span> <span class='ocrx_word' id='word_1_103' title='bbox 592 1083 714 1110; x_wconf 80' lang='lat' dir='ltr'><strong>versu</strong></span> <span class='ocrx_word' id='word_1_104' title='bbox 744 1082 864 1121; x_wconf 90' lang='lat' dir='ltr'><strong>quem</strong></span> <span class='ocrx_word' id='word_1_105' title='bbox 893 1069 1016 1108; x_wconf 88' lang='lat' dir='ltr'><strong>homo</strong></span> <span class='ocrx_word' id='word_1_106' title='bbox 1046 1070 1208 1109; x_wconf 83' lang='lat' dir='ltr'><strong>natione</strong></span> <span class='ocrx_word' id='word_1_107' title='bbox 1236 1070 1446 1109; x_wconf 74' lang='lat' dir='ltr'><strong>Doriensis</strong></span> <span class='ocrx_word' id='word_1_108' title='bbox 1475 1069 1683 1108; x_wconf 75' lang='lat' dir='ltr'><strong>recitabat.</strong></span> 
     </span>
     <span class='ocr_line' id='line_1_13' title="bbox 228 1145 1686 1198; baseline -0.001 -12"><span class='ocrx_word' id='word_1_109' title='bbox 228 1145 437 1198; x_wconf 85' lang='lat' dir='ltr'><strong>Denique,</strong></span> <span class='ocrx_word' id='word_1_110' title='bbox 478 1147 584 1198; x_wconf 90' lang='lat' dir='ltr'><strong>quod</strong></span> <span class='ocrx_word' id='word_1_111' title='bbox 615 1158 752 1186; x_wconf 86' lang='lat' dir='ltr'><strong>rarum</strong></span> <span class='ocrx_word' id='word_1_112' title='bbox 783 1150 846 1185; x_wconf 89' lang='lat' dir='ltr'><strong>est</strong></span> <span class='ocrx_word' id='word_1_113' title='bbox 874 1146 916 1185; x_wconf 88' lang='lat' dir='ltr'><strong>in</strong></span> <span class='ocrx_word' id='word_1_114' title='bbox 941 1147 1173 1195; x_wconf 82' lang='lat' dir='ltr'><strong>comoedia,</strong></span> <span class='ocrx_word' id='word_1_115' title='bbox 1213 1147 1255 1186; x_wconf 92' lang='lat' dir='ltr'><strong>in</strong></span> <span class='ocrx_word' id='word_1_116' title='bbox 1295 1146 1521 1198; x_wconf 83' lang='lat' dir='ltr'><strong>anapaestis</strong></span> <span class='ocrx_word' id='word_1_117' title='bbox 1561 1150 1686 1185; x_wconf 84' lang='lat' dir='ltr'><strong>tetra-</strong></span> 
     </span>
     <span class='ocr_line' id='line_1_14' title="bbox 228 1222 1686 1276; baseline -0.003 -12"><span class='ocrx_word' id='word_1_118' title='bbox 228 1225 370 1264; x_wconf 88' lang='lat' dir='ltr'><strong>metris</strong></span> <span class='ocrx_word' id='word_1_119' title='bbox 401 1225 617 1276; x_wconf 75' lang='lat' dir='ltr'><strong>spondaica</strong></span> <span class='ocrx_word' id='word_1_120' title='bbox 647 1224 825 1263; x_wconf 80' lang='lat' dir='ltr'><strong>clausula</strong></span> <span class='ocrx_word' id='word_1_121' title='bbox 854 1236 952 1263; x_wconf 89' lang='lat' dir='ltr'><strong>usus</strong></span> <span class='ocrx_word' id='word_1_122' title='bbox 984 1230 1046 1263; x_wconf 88' lang='lat' dir='ltr'><strong>est</strong></span> <span class='ocrx_word' id='word_1_123' title='bbox 1076 1224 1183 1275; x_wconf 90' lang='lat' dir='ltr'><strong>apud</strong></span> <span class='ocrx_word' id='word_1_124' title='bbox 1213 1224 1372 1263; x_wconf 91' lang='lat' dir='ltr'><strong>Polluc.</strong></span> <span class='ocrx_word' id='word_1_125' title='bbox 1402 1224 1460 1267; x_wconf 89' lang='lat' dir='ltr'><strong>VI</strong></span> <span class='ocrx_word' id='word_1_126' title='bbox 1491 1223 1560 1272; x_wconf 83' lang='lat'><strong>53,</strong></span> <span class='ocrx_word' id='word_1_127' title='bbox 1598 1222 1686 1262; x_wconf 84' lang='lat' dir='ltr'><strong>for-</strong></span> 
     </span>
     <span class='ocr_line' id='line_1_15' title="bbox 228 1301 1132 1352; baseline 0.001 -12"><span class='ocrx_word' id='word_1_128' title='bbox 228 1304 338 1341; x_wconf 82' lang='lat' dir='ltr'><strong>tasse</strong></span> <span class='ocrx_word' id='word_1_129' title='bbox 370 1303 492 1340; x_wconf 89' lang='lat' dir='ltr'><strong>etiam</strong></span> <span class='ocrx_word' id='word_1_130' title='bbox 524 1301 631 1352; x_wconf 90' lang='lat' dir='ltr'><strong>apud</strong></span> <span class='ocrx_word' id='word_1_131' title='bbox 657 1301 807 1340; x_wconf 89' lang='lat' dir='ltr'><strong>Athen.</strong></span> <span class='ocrx_word' id='word_1_132' title='bbox 840 1301 898 1339; x_wconf 89' lang='lat'><strong>111</strong></span> <span class='ocrx_word' id='word_1_133' title='bbox 929 1313 969 1352; x_wconf 91' lang='lat' dir='ltr'><strong>p.</strong></span> <span class='ocrx_word' id='word_1_134' title='bbox 999 1301 1080 1340; x_wconf 82' lang='lat'><strong>119</strong></span> <span class='ocrx_word' id='word_1_135' title='bbox 1097 1314 1132 1341; x_wconf 88' lang='lat' dir='ltr'><strong>c.</strong></span> 
     </span>
    </p>

    <p class='ocr_par' dir='ltr' id='par_1_3' title="bbox 209 1375 1702 2285">
     <span class='ocr_line' id='line_1_16' title="bbox 342 1375 1687 1429; baseline -0.001 -11"><span class='ocrx_word' id='word_1_136' title='bbox 342 1379 776 1426; x_wconf 81' lang='lat' dir='ltr'><strong>PHERECRATES,</strong></span> <span class='ocrx_word' id='word_1_137' title='bbox 815 1378 1099 1427; x_wconf 81' lang='lat' dir='ltr'><strong>Atheniensis,</strong></span> <span class='ocrx_word' id='word_1_138' title='bbox 1133 1390 1254 1429; x_wconf 86' lang='lat' dir='ltr'><strong>quem</strong></span> <span class='ocrx_word' id='word_1_139' title='bbox 1292 1377 1511 1418; x_wconf 79' lang='lat' dir='ltr'><strong>Alexandri</strong></span> <span class='ocrx_word' id='word_1_140' title='bbox 1548 1377 1608 1417; x_wconf 90' lang='lat' dir='ltr'><strong>M.</strong></span> <span class='ocrx_word' id='word_1_141' title='bbox 1643 1375 1687 1416; x_wconf 86' lang='lat' dir='ltr'><strong>in</strong></span> 
     </span>
     <span class='ocr_line' id='line_1_17' title="bbox 231 1452 1702 1508; baseline -0.002 -12"><span class='ocrx_word' id='word_1_142' title='bbox 231 1456 556 1508; x_wconf 81' lang='lat' dir='ltr'><strong>expeditionibus</strong></span> <span class='ocrx_word' id='word_1_143' title='bbox 586 1457 776 1494; x_wconf 91' lang='lat' dir='ltr'><strong>comitem</strong></span> <span class='ocrx_word' id='word_1_144' title='bbox 806 1455 935 1495; x_wconf 87' lang='lat' dir='ltr'><strong>fuisse</strong></span> <span class='ocrx_word' id='word_1_145' title='bbox 965 1452 1137 1495; x_wconf 77' lang='lat' dir='ltr'><strong>mir&#39;abili</strong></span> <span class='ocrx_word' id='word_1_146' title='bbox 1178 1468 1318 1494; x_wconf 72' lang='lat' dir='ltr'><strong>errore</strong></span> <span class='ocrx_word' id='word_1_147' title='bbox 1347 1459 1512 1494; x_wconf 86' lang='lat' dir='ltr'><strong>narrant</strong></span> <span class='ocrx_word' id='word_1_148' title='bbox 1541 1455 1702 1502; x_wconf 52' lang='lat' dir='ltr'><strong>Suidas</strong></span> 
     </span>
     <span class='ocr_line' id='line_1_18' title="bbox 227 1532 1702 1585; baseline -0.001 -13"><span class='ocrx_word' id='word_1_149' title='bbox 227 1538 275 1572; x_wconf 41' lang='lat' dir='ltr'><strong>‘et</strong></span> <span class='ocrx_word' id='word_1_150' title='bbox 304 1534 493 1572; x_wconf 84' lang='lat' dir='ltr'><strong>Eudocia</strong></span> <span class='ocrx_word' id='word_1_151' title='bbox 523 1547 563 1585; x_wconf 89' lang='lat' dir='ltr'><strong>p.</strong></span> <span class='ocrx_word' id='word_1_152' title='bbox 593 1534 689 1582; x_wconf 81' lang='lat'>426,</span> <span class='ocrx_word' id='word_1_153' title='bbox 719 1533 1076 1585; x_wconf 81' lang='lat' dir='ltr'><strong>praestantissimis</strong></span> <span class='ocrx_word' id='word_1_154' title='bbox 1106 1534 1293 1585; x_wconf 83' lang='lat' dir='ltr'><strong>antiquae</strong></span> <span class='ocrx_word' id='word_1_155' title='bbox 1323 1532 1558 1573; x_wconf 88' lang='lat' dir='ltr'><strong>comoediae</strong></span> <span class='ocrx_word' id='word_1_156' title='bbox 1585 1543 1702 1583; x_wconf 86' lang='lat' dir='ltr'><strong>poe--</strong></span> 
     </span>
     <span class='ocr_line' id='line_1_19' title="bbox 227 1609 1702 1663; baseline -0.002 -14"><span class='ocrx_word' id='word_1_157' title='bbox 227 1611 284 1650; x_wconf 85' lang='lat' dir='ltr'><strong>-tis</strong></span> <span class='ocrx_word' id='word_1_158' title='bbox 314 1615 553 1650; x_wconf 79' lang='lat' dir='ltr'><strong>accensetur</strong></span> <span class='ocrx_word' id='word_1_159' title='bbox 590 1611 638 1649; x_wconf 90' lang='lat' dir='ltr'><strong>ab</strong></span> <span class='ocrx_word' id='word_1_160' title='bbox 676 1612 889 1663; x_wconf 80' lang='lat' dir='ltr'><strong>Anonymo</strong></span> <span class='ocrx_word' id='word_1_161' title='bbox 928 1610 979 1649; x_wconf 88' lang='lat' dir='ltr'><strong>de</strong></span> <span class='ocrx_word' id='word_1_162' title='bbox 1010 1611 1204 1650; x_wconf 89' lang='lat' dir='ltr'><strong>Comoed.</strong></span> <span class='ocrx_word' id='word_1_163' title='bbox 1243 1624 1284 1662; x_wconf 83' lang='lat' dir='ltr'><strong>p.</strong></span> <span class='ocrx_word' id='word_1_164' title='bbox 1312 1610 1504 1652; x_wconf 87' lang='lat' dir='ltr'><strong>XXVIII.</strong></span> <span class='ocrx_word' id='word_1_165' title='bbox 1571 1609 1702 1648; x_wconf 67' lang='lat' dir='ltr'><strong>Idem»</strong></span> 
     </span>
     <span class='ocr_line' id='line_1_20' title="bbox 230 1681 1702 1742; baseline -0.002 -15"><span class='ocrx_word' id='word_1_166' title='bbox 230 1701 273 1740; x_wconf 87' lang='lat' dir='ltr'><strong>p.</strong></span> <span class='ocrx_word' id='word_1_167' title='bbox 303 1689 440 1727; x_wconf 86' lang='lat' dir='ltr'><strong>XXIX</strong></span> <span class='ocrx_word' id='word_1_168' title='bbox 485 1688 589 1727; x_wconf 90' lang='lat' dir='ltr'><strong>haec</strong></span> <span class='ocrx_word' id='word_1_169' title='bbox 633 1689 774 1727; x_wconf 87' lang='lat' dir='ltr'><strong>scribit</strong></span> <span class='ocrx_word' id='word_1_170' title='bbox 821 1682 1109 1742; x_wconf 69' lang='grc' dir='ltr'><em>Φερεκράτης,</em></span> <span class='ocrx_word' id='word_1_171' title='bbox 1151 1681 1417 1736; x_wconf 74' lang='grc' dir='ltr'><em>Ἀθηναῖος,</em></span> <span class='ocrx_word' id='word_1_172' title='bbox 1461 1683 1562 1742; x_wconf 73' lang='grc' dir='ltr'><strong><em>νικᾷ</em></strong></span> <span class='ocrx_word' id='word_1_173' title='bbox 1615 1684 1702 1725; x_wconf 69' lang='grc' dir='ltr'><strong>ἐπὶ]</strong></span> 
     </span>
     <span class='ocr_line' id='line_1_21' title="bbox 232 1759 1702 1824; baseline 0 -20"><span class='ocrx_word' id='word_1_174' title='bbox 232 1760 428 1816; x_wconf 75' lang='grc' dir='ltr'><em>θεάτρου</em></span> <span class='ocrx_word' id='word_1_175' title='bbox 458 1760 695 1818; x_wconf 67' lang='grc' dir='ltr'><em>γενόμενος,</em></span> <span class='ocrx_word' id='word_1_176' title='bbox 728 1760 751 1803; x_wconf 89' lang='grc' dir='ltr'>ὁ</span> <span class='ocrx_word' id='word_1_177' title='bbox 782 1763 826 1803; x_wconf 74' lang='grc' dir='ltr'><strong>δὲ</strong></span> <span class='ocrx_word' id='word_1_178' title='bbox 865 1761 1096 1818; x_wconf 78' lang='grc' dir='ltr'><em>ὑποκριτὴς</em></span> <span class='ocrx_word' id='word_1_179' title='bbox 1133 1761 1309 1814; x_wconf 74' lang='grc' dir='ltr'><em>ἐζήλωκε</em></span> <span class='ocrx_word' id='word_1_180' title='bbox 1335 1761 1558 1820; x_wconf 80' lang='grc' dir='ltr'><em>Κράτητα.</em></span> <span class='ocrx_word' id='word_1_181' title='bbox 1613 1759 1702 1824; x_wconf 47' lang='grc' dir='ltr'><strong>καὶῆ</strong></span> 
     </span>
     <span class='ocr_line' id='line_1_22' title="bbox 234 1823 1702 1896; baseline 0.001 -15"><span class='ocrx_word' id='word_1_182' title='bbox 234 1831 291 1881; x_wconf 81' lang='grc' dir='ltr'><strong>αὖ</strong></span> <span class='ocrx_word' id='word_1_183' title='bbox 329 1840 409 1881; x_wconf 82' lang='grc' dir='ltr'><strong>τοῦ</strong></span> <span class='ocrx_word' id='word_1_184' title='bbox 446 1844 525 1895; x_wconf 79' lang='grc' dir='ltr'><strong>μὲν</strong></span> <span class='ocrx_word' id='word_1_185' title='bbox 554 1840 767 1895; x_wconf 81' lang='grc' dir='ltr'><em>λοιδορεῖν</em></span> <span class='ocrx_word' id='word_1_186' title='bbox 802 1836 994 1890; x_wconf 74' lang='grc' dir='ltr'><em>ἀπέστη,</em></span> <span class='ocrx_word' id='word_1_187' title='bbox 1032 1837 1269 1895; x_wconf 78' lang='grc' dir='ltr'><em>πράγματα</em></span> <span class='ocrx_word' id='word_1_188' title='bbox 1306 1841 1351 1882; x_wconf 82' lang='grc' dir='ltr'><strong>δὲ</strong></span> <span class='ocrx_word' id='word_1_189' title='bbox 1386 1823 1702 1896; x_wconf 52' lang='grc' dir='ltr'><em>εἶσηγούμενσςςῇ</em></span> 
     </span>
     <span class='ocr_line' id='line_1_23' title="bbox 233 1914 1702 1974; baseline 0.001 -15"><span class='ocrx_word' id='word_1_190' title='bbox 233 1916 364 1960; x_wconf 81' lang='grc' dir='ltr'><em>καινὰ</em></span> <span class='ocrx_word' id='word_1_191' title='bbox 397 1915 644 1972; x_wconf 75' lang='grc' dir='ltr'><em>ηὐδοκίμει,</em></span> <span class='ocrx_word' id='word_1_192' title='bbox 683 1915 909 1971; x_wconf 70' lang='grc' dir='ltr'><em>γενόμενος</em></span> <span class='ocrx_word' id='word_1_193' title='bbox 943 1916 1153 1974; x_wconf 59' lang='grc' dir='ltr'><em>εὑρετικὸς</em></span> <span class='ocrx_word' id='word_1_194' title='bbox 1188 1914 1362 1972; x_wconf 71' lang='grc' dir='ltr'>μύθων.</span> <span class='ocrx_word' id='word_1_195' title='bbox 1446 1922 1572 1962; x_wconf 86' lang='lat' dir='ltr'><strong>Cuius</strong></span> <span class='ocrx_word' id='word_1_196' title='bbox 1607 1917 1702 1974; x_wconf 51' lang='lat' dir='ltr'><strong>lociaff</strong></span> 
     </span>
     <span class='ocr_line' id='line_1_24' title="bbox 234 1983 1702 2054; baseline 0 -17"><span class='ocrx_word' id='word_1_197' title='bbox 234 1999 373 2051; x_wconf 87' lang='lat' dir='ltr'><strong>priora</strong></span> <span class='ocrx_word' id='word_1_198' title='bbox 402 2000 526 2038; x_wconf 82' lang='lat' dir='ltr'><strong>verba</strong></span> <span class='ocrx_word' id='word_1_199' title='bbox 554 2002 667 2038; x_wconf 89' lang='lat' dir='ltr'><strong>recte</strong></span> <span class='ocrx_word' id='word_1_200' title='bbox 695 2000 752 2038; x_wconf 87' lang='lat' dir='ltr'><strong>ita</strong></span> <span class='ocrx_word' id='word_1_201' title='bbox 783 2000 1009 2038; x_wconf 81' lang='lat' dir='ltr'><strong>correxisse</strong></span> <span class='ocrx_word' id='word_1_202' title='bbox 1037 2000 1197 2038; x_wconf 69' lang='lat' dir='ltr'><strong>videtur</strong></span> <span class='ocrx_word' id='word_1_203' title='bbox 1227 1999 1458 2048; x_wconf 88' lang='lat' dir='ltr'><strong>Dobraeus,</strong></span> <span class='ocrx_word' id='word_1_204' title='bbox 1487 1996 1588 2054; x_wconf 80' lang='grc' dir='ltr'><strong>νικᾷ</strong></span> <span class='ocrx_word' id='word_1_205' title='bbox 1615 1983 1702 2048; x_wconf 57' lang='lat' dir='ltr'><strong>{nli</strong></span> 
     </span>
     <span class='ocr_line' id='line_1_25' title="bbox 209 2069 1702 2131; baseline 0.001 -17"><span class='ocrx_word' id='word_1_206' title='bbox 209 2126 221 2130; x_wconf 20' lang='grc' dir='ltr'>μ</span> <span class='ocrx_word' id='word_1_207' title='bbox 239 2072 478 2130; x_wconf 76' lang='grc' dir='ltr'><em>Θεοδώρου,</em></span> <span class='ocrx_word' id='word_1_208' title='bbox 509 2072 736 2130; x_wconf 71' lang='grc' dir='ltr'><em>γενόμενος</em></span> <span class='ocrx_word' id='word_1_209' title='bbox 765 2073 809 2114; x_wconf 79' lang='grc' dir='ltr'><strong>δὲ</strong></span> <span class='ocrx_word' id='word_1_210' title='bbox 839 2071 1080 2131; x_wconf 65' lang='grc' dir='ltr'><em>ὑποκραής.</em></span> <span class='ocrx_word' id='word_1_211' title='bbox 1138 2078 1200 2116; x_wconf 83' lang='lat' dir='ltr'><strong>Ex</strong></span> <span class='ocrx_word' id='word_1_212' title='bbox 1228 2089 1308 2127; x_wconf 86' lang='lat' dir='ltr'><strong>quo</strong></span> <span class='ocrx_word' id='word_1_213' title='bbox 1333 2089 1426 2116; x_wconf 86' lang='lat' dir='ltr'><strong>eum</strong></span> <span class='ocrx_word' id='word_1_214' title='bbox 1454 2077 1534 2116; x_wconf 84' lang='lat' dir='ltr'><strong>iam</strong></span> <span class='ocrx_word' id='word_1_215' title='bbox 1566 2069 1702 2116; x_wconf 52' lang='lat' dir='ltr'><strong>tertiat*</strong></span> 
     </span>
     <span class='ocr_line' id='line_1_26' title="bbox 236 2154 1702 2209; baseline 0 -14"><span class='ocrx_word' id='word_1_216' title='bbox 236 2167 341 2195; x_wconf 81' lang='lat' dir='ltr'><strong>anno</strong></span> <span class='ocrx_word' id='word_1_217' title='bbox 371 2156 532 2208; x_wconf 84' lang='lat' dir='ltr'><strong>Olymp.</strong></span> <span class='ocrx_word' id='word_1_218' title='bbox 564 2156 754 2196; x_wconf 85' lang='lat' dir='ltr'><strong>LXXXV</strong></span> <span class='ocrx_word' id='word_1_219' title='bbox 790 2154 950 2194; x_wconf 89' lang='lat' dir='ltr'><strong>fabulas</strong></span> <span class='ocrx_word' id='word_1_220' title='bbox 981 2155 1168 2194; x_wconf 85' lang='lat' dir='ltr'><strong>docuisse</strong></span> <span class='ocrx_word' id='word_1_221' title='bbox 1206 2154 1401 2194; x_wconf 83' lang='lat' dir='ltr'><strong>efficitur.</strong></span> <span class='ocrx_word' id='word_1_222' title='bbox 1465 2155 1702 2209; x_wconf 49' lang='lat' dir='ltr'><strong>Praeterea&amp;</strong></span> 
     </span>
     <span class='ocr_line' id='line_1_27' title="bbox 237 2226 1702 2285; baseline 0 -13"><span class='ocrx_word' id='word_1_223' title='bbox 237 2232 426 2272; x_wconf 81' lang='lat' dir='ltr'><strong>discimus</strong></span> <span class='ocrx_word' id='word_1_224' title='bbox 457 2246 506 2272; x_wconf 84' lang='lat' dir='ltr'><strong>ex</strong></span> <span class='ocrx_word' id='word_1_225' title='bbox 531 2232 733 2285; x_wconf 83' lang='lat' dir='ltr'><strong>Anonymi</strong></span> <span class='ocrx_word' id='word_1_226' title='bbox 770 2232 861 2271; x_wconf 89' lang='lat' dir='ltr'><strong>loco</strong></span> <span class='ocrx_word' id='word_1_227' title='bbox 892 2233 1184 2271; x_wconf 86' lang='lat' dir='ltr'><strong>Pherecratem</strong></span> <span class='ocrx_word' id='word_1_228' title='bbox 1225 2245 1307 2271; x_wconf 91' lang='lat' dir='ltr'><strong>non</strong></span> <span class='ocrx_word' id='word_1_229' title='bbox 1337 2233 1528 2272; x_wconf 80' lang='lat' dir='ltr'><strong>acerbum</strong></span> <span class='ocrx_word' id='word_1_230' title='bbox 1558 2226 1702 2284; x_wconf 32' lang='lat' dir='ltr'><strong>quod&amp;</strong></span> 
     </span>
    </p>
   </div>
   <div class='ocr_carea' id='block_1_3' title="bbox 1685 1797 1702 2318">
    <p class='ocr_par' dir='ltr' id='par_1_4' title="bbox 1685 1797 1702 2318">
     <span class='ocr_line' id='line_1_28' title="bbox 1685 1797 1702 2318; baseline 0 0"><span class='ocrx_word' id='word_1_231' title='bbox 1685 1797 1702 2318; x_wconf 95' lang='lat' dir='ltr'><strong> </strong></span> 
     </span>
    </p>
   </div>
   <div class='ocr_carea' id='block_1_4' title="bbox 198 2306 1702 2761">
    <p class='ocr_par' dir='ltr' id='par_1_5' title="bbox 198 2306 1702 2761">
     <span class='ocr_line' id='line_1_29' title="bbox 237 2306 1702 2361; baseline 0.001 -12"><span class='ocrx_word' id='word_1_232' title='bbox 237 2310 329 2349; x_wconf 82' lang='lat' dir='ltr'><strong>dam</strong></span> <span class='ocrx_word' id='word_1_233' title='bbox 360 2314 402 2349; x_wconf 89' lang='lat' dir='ltr'><strong>et</strong></span> <span class='ocrx_word' id='word_1_234' title='bbox 428 2310 683 2358; x_wconf 89' lang='lat' dir='ltr'><strong>invidiosum,</strong></span> <span class='ocrx_word' id='word_1_235' title='bbox 713 2309 787 2349; x_wconf 82' lang='lat' dir='ltr'><strong>sed</strong></span> <span class='ocrx_word' id='word_1_236' title='bbox 815 2310 1006 2349; x_wconf 87' lang='lat' dir='ltr'><strong>festivum</strong></span> <span class='ocrx_word' id='word_1_237' title='bbox 1036 2314 1078 2348; x_wconf 91' lang='lat' dir='ltr'><strong>et</strong></span> <span class='ocrx_word' id='word_1_238' title='bbox 1100 2308 1312 2348; x_wconf 85' lang='lat' dir='ltr'><strong>hilaritatis</strong></span> <span class='ocrx_word' id='word_1_239' title='bbox 1331 2310 1498 2361; x_wconf 88' lang='lat' dir='ltr'><strong>plenum</strong></span> <span class='ocrx_word' id='word_1_240' title='bbox 1526 2306 1702 2350; x_wconf 54' lang='lat' dir='ltr'><strong>iocandi&amp;</strong></span> 
     </span>
     <span class='ocr_line' id='line_1_30' title="bbox 198 2354 1695 2444; baseline 0.001 -18"><span class='ocrx_word' id='word_1_241' title='bbox 198 2400 203 2403; x_wconf 69' lang='grc'><strong>’</strong></span> <span class='ocrx_word' id='word_1_242' title='bbox 237 2400 367 2439; x_wconf 79' lang='lat' dir='ltr'><strong>genus</strong></span> <span class='ocrx_word' id='word_1_243' title='bbox 404 2391 622 2439; x_wconf 88' lang='lat' dir='ltr'><strong>sequutum</strong></span> <span class='ocrx_word' id='word_1_244' title='bbox 658 2399 772 2437; x_wconf 89' lang='lat' dir='ltr'><strong>esse,</strong></span> <span class='ocrx_word' id='word_1_245' title='bbox 819 2401 948 2440; x_wconf 86' lang='lat' dir='ltr'><strong>eaque</strong></span> <span class='ocrx_word' id='word_1_246' title='bbox 985 2388 1029 2427; x_wconf 86' lang='lat' dir='ltr'><strong>in</strong></span> <span class='ocrx_word' id='word_1_247' title='bbox 1065 2400 1112 2426; x_wconf 88' lang='lat' dir='ltr'><strong>re</strong></span> <span class='ocrx_word' id='word_1_248' title='bbox 1154 2387 1354 2436; x_wconf 82' lang='lat' dir='ltr'><strong>Cratetis,</strong></span> <span class='ocrx_word' id='word_1_249' title='bbox 1391 2389 1505 2427; x_wconf 89' lang='lat' dir='ltr'><strong>cuius</strong></span> <span class='ocrx_word' id='word_1_250' title='bbox 1539 2354 1695 2444; x_wconf 48' lang='lat' dir='ltr'><strong>histrici:</strong></span> 
     </span>
     <span class='ocr_line' id='line_1_31' title="bbox 236 2449 1688 2520; baseline 0.001 -17"><span class='ocrx_word' id='word_1_251' title='bbox 236 2464 367 2504; x_wconf 83' lang='lat' dir='ltr'><strong>fuisse</strong></span> <span class='ocrx_word' id='word_1_252' title='bbox 395 2464 580 2513; x_wconf 87' lang='lat' dir='ltr'><strong>videtur,</strong></span> <span class='ocrx_word' id='word_1_253' title='bbox 615 2466 796 2517; x_wconf 82' lang='lat' dir='ltr'><strong>vestigiis</strong></span> <span class='ocrx_word' id='word_1_254' title='bbox 827 2465 1034 2506; x_wconf 88' lang='lat' dir='ltr'><strong>institisse.</strong></span> <span class='ocrx_word' id='word_1_255' title='bbox 1102 2465 1247 2517; x_wconf 83' lang='lat' dir='ltr'><strong>Neque</strong></span> <span class='ocrx_word' id='word_1_256' title='bbox 1281 2469 1415 2505; x_wconf 84' lang='lat' dir='ltr'><strong>tamen</strong></span> <span class='ocrx_word' id='word_1_257' title='bbox 1454 2477 1477 2503; x_wconf 78' lang='lat' dir='ltr'><strong>a</strong></span> <span class='ocrx_word' id='word_1_258' title='bbox 1505 2449 1688 2520; x_wconf 53' lang='lat' dir='ltr'><strong>singulm}</strong></span> 
     </span>
     <span class='ocr_line' id='line_1_32' title="bbox 235 2521 1695 2597; baseline 0.001 -16"><span class='ocrx_word' id='word_1_259' title='bbox 235 2554 327 2582; x_wconf 89' lang='lat' dir='ltr'><strong>rum</strong></span> <span class='ocrx_word' id='word_1_260' title='bbox 354 2542 563 2582; x_wconf 87' lang='lat' dir='ltr'><strong>hominum</strong></span> <span class='ocrx_word' id='word_1_261' title='bbox 594 2543 913 2585; x_wconf 85' lang='lat' dir='ltr'><strong>cavillationibus</strong></span> <span class='ocrx_word' id='word_1_262' title='bbox 942 2555 1110 2597; x_wconf 86' lang='lat' dir='ltr'><strong>prorsus</strong></span> <span class='ocrx_word' id='word_1_263' title='bbox 1139 2543 1343 2592; x_wconf 81' lang='lat' dir='ltr'><strong>abstinuit,</strong></span> <span class='ocrx_word' id='word_1_264' title='bbox 1373 2542 1573 2595; x_wconf 87' lang='lat' dir='ltr'><strong>siquidem</strong></span> <span class='ocrx_word' id='word_1_265' title='bbox 1592 2521 1695 2595; x_wconf 47' lang='lat' dir='ltr'><strong>Meti-l</strong></span> 
     </span>
     <span class='ocr_line' id='line_1_33' title="bbox 237 2596 1692 2679; baseline 0.001 -19"><span class='ocrx_word' id='word_1_266' title='bbox 237 2620 436 2660; x_wconf 78' lang='lat' dir='ltr'><strong>lanthium</strong></span> <span class='ocrx_word' id='word_1_267' title='bbox 467 2623 629 2671; x_wconf 86' lang='lat' dir='ltr'><strong>poetam</strong></span> <span class='ocrx_word' id='word_1_268' title='bbox 667 2621 865 2673; x_wconf 82' lang='lat' dir='ltr'><strong>tragicum</strong></span> <span class='ocrx_word' id='word_1_269' title='bbox 891 2622 1068 2662; x_wconf 85' lang='lat' dir='ltr'><strong>traduxit</strong></span> <span class='ocrx_word' id='word_1_270' title='bbox 1096 2622 1202 2659; x_wconf 84' lang='lat' dir='ltr'><strong>teste</strong></span> <span class='ocrx_word' id='word_1_271' title='bbox 1232 2620 1445 2661; x_wconf 83' lang='lat' dir='ltr'><strong>Athenaeo</strong></span> <span class='ocrx_word' id='word_1_272' title='bbox 1483 2621 1553 2661; x_wconf 81' lang='lat' dir='ltr'><strong>lib.</strong></span> <span class='ocrx_word' id='word_1_273' title='bbox 1582 2596 1692 2679; x_wconf 59' lang='lat' dir='ltr'><strong>vulfi</strong></span> 
     </span>
     <span class='ocr_line' id='line_1_34' title="bbox 238 2679 1689 2761; baseline 0.001 -24"><span class='ocrx_word' id='word_1_274' title='bbox 238 2709 280 2749; x_wconf 88' lang='lat' dir='ltr'><strong>p.</strong></span> <span class='ocrx_word' id='word_1_275' title='bbox 310 2697 392 2738; x_wconf 79' lang='lat'><strong>343</strong></span> <span class='ocrx_word' id='word_1_276' title='bbox 408 2709 430 2738; x_wconf 86' lang='lat' dir='ltr'><strong>c</strong></span> <span class='ocrx_word' id='word_1_277' title='bbox 467 2700 509 2736; x_wconf 87' lang='lat' dir='ltr'><strong>et</strong></span> <span class='ocrx_word' id='word_1_278' title='bbox 546 2698 798 2739; x_wconf 84' lang='lat' dir='ltr'><strong>Alcibiadem</strong></span> <span class='ocrx_word' id='word_1_279' title='bbox 836 2699 1107 2740; x_wconf 80' lang='lat' dir='ltr'><strong>acerbissimis</strong></span> <span class='ocrx_word' id='word_1_280' title='bbox 1143 2698 1327 2740; x_wconf 84' lang='lat' dir='ltr'><strong>versibus</strong></span> <span class='ocrx_word' id='word_1_281' title='bbox 1374 2698 1532 2740; x_wconf 73' lang='lat' dir='ltr'><strong>vexavit</strong></span> <span class='ocrx_word' id='word_1_282' title='bbox 1573 2679 1689 2761; x_wconf 56' lang='lat' dir='ltr'><strong>apudlt&#39;</strong></span> 
     </span>
    </p>
   </div>
  </div>
 </body>
</html>
