1702 3190
500 152 725 186 msa-onum
753 151 1008 185 comeatum.
1495 139 1526 182 0

33 261 118 308 mia
146 271 391 310 successor,
421 258 492 311 qui
522 257 704 298 moriens
730 255 959 308 reliquerat
987 254 1117 296 libros
1146 251 1248 310 περὶ
1275 247 1524 310 κωμῳδίας,

34 342 153 383 cuius
188 341 252 381 rei
293 339 486 380 notitiam
529 338 603 378 nni
634 336 835 376 debemus
865 334 1122 388 Apollodoro
1153 335 1263 388 apud
1292 335 1525 388 Diogenem

35 419 400 470 Laert.1v,4,23.
430 412 640 458 τελευτῶν
668 412 716 454 δὲ
747 408 772 454 ὁ
801 408 994 470 Κράτης,
1024 408 1155 454 καθά
1184 426 1326 470 φησιν
1351 408 1525 454 Ἀπολ-

33 495 228 553 λόδωρος
262 496 310 538 ἐν
345 494 478 554 τρίτῳ
517 493 604 536 τῶν
647 492 890 547 Χρονικῶν,
929 488 1113 534 ἀπέλιπε
1154 489 1311 547 βιβλία
1348 489 1404 533 τὰ
1441 492 1524 547 μὲν

36 572 425 634 φιλοσοφούμενα,
461 571 518 616 τὰ
557 571 605 614 δὲ
646 571 747 628 περὶ
781 568 1028 628 κωμῳδίας.
1098 574 1189 615 Nec
1225 573 1525 627 negligendum

34 658 119 699 hoc
151 658 246 698 loco
284 657 650 699 commemoratum
689 667 713 693 a
742 653 871 695 Suida
911 652 994 693 vol.
1012 653 1074 694 111
1104 654 1249 707 p.612
1278 653 1525 695 Philochori

33 737 225 779 historici
268 748 374 789 opus
424 731 526 788 περὶ
566 729 656 771 τῶν
696 725 965 782 Ἀθήνησιν
1006 725 1190 790 ἀγώνων
1233 733 1525 787 septendecim

33 815 163 867 libros
200 815 486 868 complexum,
524 825 575 853 ex
610 824 692 864 quo
728 811 974 865 perdignam
1012 817 1245 854 memoratu
1274 814 1524 867 particulam

37 895 219 940 servavit
246 894 489 938 Athenaeus
503 892 563 933 XI
590 903 634 944 p.
648 890 732 931 464
752 890 785 932 f.
810 884 1070 941 Ἀθηναῖοι
1097 890 1189 940 τοῖς
1216 891 1526 942 Διονυσιακοῖς

35 970 178 1029 ἀγαῖσι
213 969 264 1014 τὸ
298 973 379 1027 μὲν
416 968 591 1025 πρῶτον
619 964 903 1025 ἠριστηκότες
936 969 1014 1010 καὶ
1043 967 1290 1021 πεπωκότες
1318 969 1524 1025 ἐβάδιζον

6 1066 7 1077 ³
35 1052 110 1096 ἐπὶ
152 1049 236 1104 τὴν
271 1051 394 1094 θέαν
429 1049 508 1092 καὶ
536 1048 892 1107 ἐστεφανωμένοι
925 1044 1166 1105 ἐθεώρουν,
1203 1047 1328 1107 παρὰ
1366 1049 1414 1092 δὲ
1442 1049 1524 1093 τὸν

0 1149 1 1180 i
37 1128 190 1187 ἀγῶνα
218 1126 370 1176 πάντα
398 1118 517 1178 οἶνος
548 1124 700 1177 αὐτοῖς
728 1123 956 1186 ᾠνοχοεῖτο
986 1127 1063 1169 καὶ
1097 1127 1362 1186 τραγήματα
1389 1145 1525 1188 παρε-

0 1198 2 1205 ’
36 1210 215 1269 φέρετο,
257 1209 335 1252 καὶ
370 1211 463 1258 τοῖς
494 1207 644 1262 χοροῖς
680 1203 896 1248 εἰσιοῦσιν
938 1206 1106 1262 ἐνέχεον
1134 1206 1291 1260 πίνειν,
1319 1210 1396 1251 καὶ
1425 1210 1523 1263 διη-

35 1288 322 1348 γωνισμένοις
350 1281 413 1331 ὅτ’
444 1282 750 1343 ἐξεπορεύοντο
779 1285 948 1342 ἐνέχεον
987 1283 1138 1329 πάλιν·
1197 1291 1439 1346 μαρτυρεῖν
1475 1289 1524 1332 δὲ

36 1366 211 1420 τούτοις
238 1369 314 1411 καὶ
332 1362 583 1425 Φερεκράτη
613 1364 692 1408 τὸν
721 1365 913 1422 κωμικὸν
942 1369 1116 1422 (Athen.
1133 1370 1194 1411 XI
1221 1384 1264 1424 p.
1281 1371 1365 1412 485
1377 1373 1424 1426 d)
1454 1364 1526 1414 ὅτι

35 1449 163 1506 μέχρι
189 1447 268 1501 τῆς
296 1444 405 1491 καθ’
434 1439 597 1488 ’ἑαυτὸν
625 1443 799 1498 ἡλικίας
828 1445 908 1489 οὐκ
937 1443 1119 1497 ἀσίτους
1147 1439 1379 1500 εἶναιτοὺς
1402 1451 1525 1493 θεω-

37 1530 238 1586 ροῦντας.
278 1530 398 1571 Haec
427 1530 539 1570 enim
568 1541 619 1569 ex
645 1529 737 1581 ipso
766 1529 840 1570 illo
859 1529 1103 1570 Philochori
1131 1530 1239 1571 libro
1267 1532 1399 1585 petita
1428 1546 1524 1577 esse

36 1610 142 1651 vidit
166 1610 412 1651 Siehelisius
441 1609 610 1663 Fragm.
634 1608 827 1650 Philoch.
855 1621 897 1662 p.
927 1608 999 1650 85.

154 1689 393 1742 Sequuntur
420 1693 611 1742 tempora
638 1687 999 1738 Ptolemaeorum,
1036 1688 1185 1741 quibus
1212 1690 1280 1731 vix
1318 1691 1400 1732 dici
1428 1696 1525 1746 pot-

41 1771 107 1810 est
135 1772 287 1821 quanta
316 1781 410 1809 cum
441 1768 592 1808 virium
623 1768 890 1807 contentione
920 1768 1054 1808 critici
1083 1769 1208 1808 etiam
1237 1770 1281 1810 in
1310 1771 1394 1812 hoc
1428 1772 1526 1813 lite.-

38 1859 179 1888 rarum
208 1861 364 1902 genere
393 1847 699 1888 desudaverint.
756 1847 819 1888 Ac
848 1846 1126 1900 Philadelpho
1158 1848 1392 1901 imperante
1419 1865 1524 1906 prae

40 1927 190 1969 ceteris
221 1927 371 1980 dignus
401 1930 465 1967 est
494 1926 565 1979 qui
595 1929 945 1966 commemoretur
974 1927 1198 1981 Lycophro
1221 1929 1523 1984 Chalcidensis,

41 2005 96 2048 de
134 2020 216 2060 quo
255 2005 526 2047 memorabile
562 2009 675 2045 extat
718 2005 844 2045 Caeci
878 2006 922 2047 h.
954 2019 992 2047 e.
1033 2007 1218 2047 Tzetzae
1252 2010 1295 2061 2)
1333 2012 1524 2053 testimo..

39 2086 177 2137 nium,
212 2087 393 2140 primum
431 2086 482 2126 ab
514 2085 703 2134 Osanno,
732 2085 804 2138 qui
832 2086 875 2126 id
904 2085 948 2125 in
979 2087 1072 2128 cod.
1103 2087 1242 2128 Plauti
1270 2089 1395 2130 Rom.
1425 2105 1525 2145 rep-

41 2166 172 2219 perit,
200 2178 364 2207 mecum
407 2166 768 2216 communicatum,
803 2169 951 2218 postea
987 2166 1153 2218 plenius
1201 2169 1253 2208 ab
1291 2170 1524 2211 Ritschelio

45 2243 203 2285 editum
238 2246 282 2286 iu
312 2245 364 2286 G.
393 2244 578 2285 Partheii
619 2246 977 2287 Commentatione
1016 2245 1069 2285 de
1113 2247 1266 2287 Museo
1301 2248 1526 2292 Alexandr.

43 2333 88 2375 p.
116 2323 213 2364 219.
269 2325 348 2365 Est
375 2328 515 2364 autem
544 2323 652 2364 hoc:
689 2326 766 2366 Ex
802 2325 1000 2366 Caecio
1032 2324 1265 2379 (Caeco)
1301 2328 1352 2367 in
1390 2341 1528 2369 com·-

43 2404 220 2471 ¹mento
249 2403 641 2443 comoediarum
670 2404 1047 2458 Aristophanis
1076 2405 1128 2446 in
1156 2405 1339 2458 Pluto,
1378 2421 1528 2462 quam
1607 2406 1619 2410 “

43 2489 324 2533 possumus
391 2481 732 2534 opulentiam
796 2495 1121 2538 nuncupare.
1222 2486 1531 2531 Alexander

103 2647 148 2700 ²)
172 2647 267 2690 Vid.
296 2648 530 2690 Lobeckius
559 2651 609 2691 ad
637 2651 857 2702 Sophoclis
870 2654 982 2695 Aiac.
1013 2667 1055 2707 p.
1078 2655 1161 2695 112
1193 2658 1235 2695 et
1263 2655 1314 2697 G.
1346 2659 1526 2698 Dindor-

153 2705 234 2745 fius
262 2706 303 2746 in
321 2707 527 2747 welckeri
556 2713 599 2748 et
627 2710 775 2750 Naekii
805 2711 954 2752 Museo
985 2713 1123 2752 Rhen-
1155 2713 1211 2755 lv
1242 2727 1283 2766 p.
1312 2716 1412 2755 232.
