1702 3190
649 140 902 170 rosnnm’ns.
1428 130 1514 171 483

0 244 291 292 {Clementino
331 244 414 284 vol.
455 242 530 284 III.
573 254 696 296 quam
743 242 873 282 nostri
922 240 1137 295 Posidippi
1177 243 1400 297 imaginem
1444 257 1514 286 re-

0 308 1 351 3
31 325 145 366 ferre
190 328 286 377 post
333 322 590 363 Gronovium
639 322 798 362 monuit
844 321 1186 362 Wiukelmannus
1230 323 1272 362 in
1320 324 1512 365 Trattato

0 428 4 444 .
31 404 198 458 prelim.
231 403 289 444 IV
322 403 417 443 126.
477 402 647 454 Lyncei,
676 402 822 442 comici
853 405 1002 453 poetae
1039 405 1080 439 et
1110 403 1388 452 grammatici,
1421 404 1511 456 epi·

29 483 176 524 stolam
206 483 257 522 ad
288 482 555 534 Posidippum
588 485 882 521 commemorat
898 480 1137 520 Athenaeus
1157 481 1256 523 XIV
1286 496 1326 535 p.
1358 483 1440 523 652
1460 483 1508 523 d:

26 557 220 614 Λυγκεὺς
251 556 296 599 δ’
315 559 363 600 ἐν
399 558 454 617 τῇ
483 556 591 614 πρὸς
620 556 699 600 τὸν
727 554 921 612 κωμικὸν
943 556 1258 598 Ποσείδιππον
1296 558 1507 618 ἐπιστολῇ

28 635 143 684 «Ἕν
172 641 262 689 τοῖς
291 641 511 694 τραγικοῖς
539 637 695 691 (φησὶ)
725 633 926 678 πάθεσιν
953 632 1203 692 Εὐριπίδην
1233 635 1394 692 νομίζω
1410 639 1505 680 Σο-

31 718 241 775 φοκλέους
271 715 399 759 οὐδὲν
429 715 672 771 διαφέρειν,
704 715 750 757 ἐν
780 715 826 757 δὲ
856 717 953 766 ταῖς
982 712 1159 772 ἰσχάσιν
1188 714 1266 766 τὰς
1291 713 1506 768 Ἀττικὰς

25 794 113 837 τῶν
140 793 285 837 ἄλλων
311 793 425 838 πολὺ
455 795 704 851 προέχειν.»
763 799 943 839 Fabulas
975 799 1086 847 eius,
1115 799 1157 838 in
1190 799 1338 851 quibus
1369 800 1503 841 fuisse

24 888 126 930 quas
156 877 272 917 latini
288 883 451 944 poetae
480 877 711 918 imitatione
744 878 1025 931 exprimerent
1056 878 1182 918 Gellii
1212 880 1264 920 N.
1292 881 1343 920 A.
1375 881 1415 921 II
1445 881 1504 921 23

23 962 186 996 constat
216 957 465 1015 testimonio,
495 957 643 997 Suidas
674 958 726 996 ad
756 957 1027 1010 quadraginta
1055 957 1184 998 fuisse
1213 960 1372 999 scribit.
1424 960 1500 999 Ti-

22 1036 98 1075 tuli
115 1037 580 1077 commemoranturduo
598 1037 650 1076 de
665 1037 821 1089 viginti.
849 1031 1131 1088 Ἀναβλέπ
1146 1049 1213 1076 ων
1243 1039 1352 1091 apud
1369 1038 1503 1078 Athe-

22 1128 170 1156 naeum
207 1115 304 1158 XIV
344 1130 385 1170 p.
417 1117 495 1156 651
514 1131 550 1158 a.
611 1110 1059 1170 Ἀποκλειομένῃ
1100 1118 1208 1170 apud
1241 1120 1501 1159 Athenaeum

21 1194 103 1236 VH
147 1209 190 1249 p.
218 1196 299 1235 301
319 1197 358 1237 b.
402 1197 499 1237 XIV
543 1211 583 1249 p.
614 1197 696 1236 659
749 1202 791 1237 et
829 1198 989 1238 Polluc.
1021 1198 1060 1237 X
1098 1198 1166 1237 98.
1245 1192 1501 1246 Γαλάτης

20 1275 130 1327 apud
167 1275 344 1316 eundem
386 1277 544 1317 Polluc.
585 1277 642 1317 1V
678 1274 775 1325 175,
815 1278 887 1316 ubi
930 1278 1158 1317 Salmasius
1195 1290 1272 1329 pro
1318 1271 1499 1331 Γαλάτῃ

19 1354 133 1394 malit
163 1336 403 1411 I‘aaaw'c‘c.
456 1357 539 1396 Sed
569 1355 672 1395 nihil
704 1368 852 1395 causae
884 1362 969 1406 est,
1002 1369 1076 1396 cur
1104 1361 1317 1407 receptam
1349 1355 1498 1395 lectio-

18 1444 113 1473 nem
144 1433 404 1484 deseramus,
436 1448 557 1487 quam
589 1436 808 1475 confirmat
837 1436 948 1475 idem
982 1435 1128 1475 Pollux
1159 1434 1238 1475 vll
1273 1434 1352 1472 111
1389 1437 1431 1473 et
1459 1433 1498 1474 X

20 1512 90 1562 24,
121 1525 367 1565 quamquam
405 1514 486 1554 hoc
521 1515 614 1553 loco
653 1515 746 1554 cod.
778 1515 919 1555 Falck.
961 1515 1090 1554 habet
1118 1509 1408 1559 ΙΙοσίδιππος
1449 1510 1498 1551 ἐν

20 1586 200 1632 llil-ata.
231 1592 319 1633 cfr.
339 1594 493 1646 p.467.
524 1588 777 1647 Δημότας
807 1595 946 1634 laudat
960 1593 1133 1633 Photius
1165 1598 1206 1631 et
1227 1593 1376 1631 Suidas
1407 1606 1494 1634 s.v.

18 1666 352 1715 νεανισκεὺεται.
378 1668 828 1727 Ἑρμαφρόδιτον
857 1674 1059 1714 Stobaeus
1078 1673 1190 1712 Flor.
1217 1673 1412 1714 LXXVII
1451 1674 1494 1714 7.

13 1744 409 1805 Ἐπίσταθμον
439 1753 586 1794 Pollux
615 1754 653 1795 X
686 1755 782 1794 139.
822 1748 1089 1807 Ἐφεσίαν
1119 1752 1362 1793 Athenaeus
1392 1750 1494 1792 XIII

17 1844 59 1885 p.
88 1830 168 1872 591
188 1845 225 1872 e.
286 1826 527 1871 Κώδωνα
560 1834 670 1873 idem
704 1834 762 1873 IX
791 1835 860 1882 28,
891 1834 970 1873 nisi
1002 1827 1166 1871 Κύδων
1195 1832 1361 1871 fabulae
1392 1832 1492 1871 titu-

18 1911 88 1952 lus
116 1911 209 1960 fuit,
241 1925 322 1964 quo
353 1913 519 1952 nomine
551 1913 692 1953 drama
720 1913 990 1965 inscripserat
1016 1911 1251 1964 Ephippus.
1293 1908 1372 1950 Ao
1385 1906 1491 1963 κρί-

16 1985 113 2038 &ag
141 1990 264 2031 affert
298 1993 538 2034 Athenaeus
578 1992 639 2032 111
680 2006 722 2045 p.
753 1993 807 2032 87
825 1991 856 2041 f,
896 1992 968 2031 ubi
1007 2003 1100 2030 cum
1139 1991 1238 2029 olim
1278 1990 1492 2042 legeretur

15 2069 238 2124 Λοκροῖσι,
283 2085 333 2112 ex
358 2073 452 2112 cod.
482 2075 518 2114 A
548 2086 658 2113 nunc
687 2047 875 2126 Aokgn'm
907 2071 1064 2110 editum
1096 2074 1172 2109 est.
1205 2069 1346 2108 'Minus
1376 2073 1492 2108 recte

15 2150 142 2203 igitur
169 2150 385 2190 Fabricius
415 2152 522 2190 Bibl.
553 2164 615 2203 gr.
647 2151 686 2191 11
732 2164 773 2202 p.
804 2151 888 2189 489
931 2149 1089 2188 Locri
1127 2148 1294 2187 fabulae
1324 2147 1491 2187 titulum

17 2229 132 2269 fecit.
155 2223 522 2283 ΙΠεταφερόμε
534 2240 620 2276 νος
637 2229 775 2268 fabula
791 2228 982 2267 laudatur
997 2228 1046 2266 ab
1061 2226 1278 2266 Athen.IIl
1291 2239 1332 2277 p.
1351 2226 1434 2264 118
1451 2226 1489 2275 b,

19 2321 124 2361 quae
164 2304 529 2363 ΙΡΙιτιιιμρόμενοι
566 2314 737 2350 vocatur
777 2322 801 2348 a
839 2308 1027 2359 Diogene
1066 2305 1204 2345 Laert.
1237 2305 1316 2346 VII
1352 2305 1407 2344 27
1448 2308 1491 2344 et

19 2388 295 2429 Antiatticista
323 2403 364 2443 p.
390 2390 486 2431 102.
546 2387 602 2428 M
610 2384 711 2443 ύρμ
724 2385 787 2438 ηξ
818 2388 992 2427 affertur
1022 2399 1045 2425 a
1074 2385 1254 2424 Stobaeo
1286 2384 1487 2438 Florileg.

19 2466 155 2506 XCIX
184 2468 238 2507 29
269 2474 311 2508 et
331 2468 463 2510 CXVI
480 2469 547 2508 17.
578 2468 764 2508 Titulum
785 2466 951 2507 fabulae
981 2464 1034 2504 de
1064 2463 1294 2503 formica
1323 2464 1489 2504 intelle-

20 2545 77 2585 xit
99 2546 332 2587 Gesnerus:
361 2549 513 2588 rectius
545 2548 692 2600 opinor
716 2547 1041 2599 Myrmecem
1070 2544 1147 2584 viri
1176 2556 1328 2583 nomen
1358 2542 1488 2583 fuisse

20 2625 220 2665 dicemus.
253 2620 348 2679 ‘Ope
361 2623 409 2665 οἱ
419 2639 513 2674 ους
542 2627 653 2668 idem
683 2626 888 2666 Stobaeus
917 2624 1044 2664 habet
1072 2624 1207 2664 XCIX
1238 2623 1306 2662 30.
1349 2619 1490 2659 Ilae-

19 2699 140 2743 δίον
181 2704 420 2746 Athenaeus
463 2707 520 2747 111
568 2721 608 2760 p.
648 2706 703 2746 94
720 2719 756 2745 c.
825 2698 1231 2755 [[ορνοβοσκὸν
1273 2702 1387 2741 idem
1431 2699 1488 2740 1V

170 2785 173 2787 ’
1116 2781 1168 2819 31
1204 2780 1221 2799 *
