1702 3190
225 174 310 217 378
878 182 1039 213 amens.

223 282 303 326 τοῦ
331 278 579 336 παρασίτου
604 278 771 336 εἴρηται
797 278 845 322 ἐν
867 277 1044 323 Ἐλπίδι
1073 277 1188 337 παρ’·
1223 277 1486 340 Ἐπιχάρμῳ.
1541 286 1662 329 Hunc
1680 287 1698 338 J

227 363 336 403 enim
364 354 531 414 parasiti
560 362 722 401 nomine
751 374 831 401 non
859 373 979 401 usum
1010 375 1099 402 esse
1129 362 1394 403 certissimum
1426 367 1500 404 est.
1530 365 1662 406 Locus

225 452 347 493 quem
376 439 603 479 Scholiasta
632 441 818 491 respicit,
857 439 966 479 idem
1002 439 1072 478 ille
1103 444 1166 478 est
1193 453 1312 491 quem
1334 442 1508 480 servavit
1535 441 1689 496 Athe-g

224 530 367 567 naeuS,
409 518 669 569 continetque
712 517 878 568 parasiti
921 516 1137 567 imaginem
1182 518 1300 569 plane
1339 518 1389 557 ad
1425 519 1556 557 vivum
1595 531 1695 559 exae

223 609 431 650 pressam,
469 594 520 634 ad
549 595 664 634 cuius
692 595 957 633 imitationem
987 606 1109 646 quum
1140 595 1324 647 plerique
1353 596 1566 636 atticorum
1595 611 1664 638 co-
1691 610 1699 649 ᾖ

224 675 422 716 micorum
480 686 576 713 suas
622 676 916 712 assentatorum
967 675 1008 710 et
1058 673 1325 724 parasitorum
1371 673 1702 726 descriptiones

225 751 540 805 composuerint,
571 754 683 789 certe
711 755 868 802 partem
898 750 1116 802 fragmenti
1145 751 1223 790 hoc
1252 750 1341 789 loco
1372 751 1619 794 adscribam:

389 825 662 867 Συνδειπνὲω
692 825 749 882 τῷ
776 825 917 875 λῶντι,
945 826 1125 866 καλέσαι
1154 826 1223 866 δεῖ
1245 824 1395 879 μόνον,

343 928 354 934 ν
390 903 465 945 καὶ
494 903 553 960 τῷ
581 919 637 956 γα
665 900 771 957 μήχι
799 902 941 954 λῶντι,
969 901 1130 944 κωύδὲν
1160 903 1229 944 δεῖ
1250 905 1406 948 καλεῖν.

389 982 513 1032 τηνεῖ
536 980 582 1022 δὲ
604 978 768 1036 χαρίεις
796 976 945 1035 τέἰμὶ
975 981 1051 1021 καὶ
1079 981 1208 1022 ποιέω
1237 980 1374 1024 πολὺν

386 1059 552 1112 γέλωτα
580 1059 654 1099 καὶ
684 1057 760 1099 τὸν
787 1055 987 1099 ε’στιιῦυτ3
1016 1058 1212 1109 ἐπαινέω,

386 1136 468 1179 καῖ
487 1151 544 1177 κα
574 1150 637 1184 τις
665 1132 816 1176 ἀντίον
843 1151 885 1177 τι
913 1135 966 1194 λῇ
995 1134 1108 1193 τήνῳ
1137 1137 1284 1190 λέγειν,

389 1211 504 1271 τήνῳ
531 1210 771 1268 κυδάζομαί
799 1229 843 1254 τε
872 1211 1246 1269 κᾶπωνηχθόμαν.

1688 831 1702 883 2,

222 1296 456 1344 Postrema,
486 1307 590 1347 quae
619 1295 771 1334 frustra
800 1295 962 1334 criticos
1000 1300 1289 1346 exercuerunt,
1324 1296 1382 1335 ita
1413 1297 1665 1339 emendanda
1699 1285 1702 1332 ἕ

222 1378 318 1415 sunt
346 1367 584 1425 κυδάζομαί
612 1385 656 1410 τε
684 1366 793 1411 κάπ’
821 1359 884 1410 ὦν
911 1366 1135 1424 ἦχθόμαν.

332 1453 395 1492 De
422 1452 585 1504 poetica
612 1451 688 1489 viri
717 1450 911 1489 facultate
939 1449 1251 1502 fabularumque
1288 1462 1386 1502 quas
1426 1451 1563 1491 docuit
1600 1453 1664 1494 in·

222 1528 317 1569 dole
349 1533 392 1568 et
418 1529 582 1581 ingenio
612 1528 765 1567 frustra
795 1528 847 1567 sit
875 1528 944 1579 qui
974 1528 1228 1567 confidenter
1254 1529 1524 1581 pronunciare
1552 1529 1664 1570 velit.

222 1607 369 1658 Neque
398 1607 495 1658 quid
523 1611 684 1646 veteres
715 1619 762 1645 ea
794 1606 845 1645 de
872 1619 919 1644 re
948 1607 1148 1645 senserint
1173 1610 1426 1658 compertum
1455 1606 1665 1656 habemus,

221 1684 300 1725 nisi
339 1685 447 1736 quod
488 1684 720 1724 festivitatis
756 1683 918 1723 laudem
965 1684 1003 1722 ei
1037 1684 1180 1723 tribuit
1217 1684 1367 1724 Athen.
1409 1683 1446 1722 11
1489 1696 1529 1735 p.
1559 1683 1614 1722 59
1632 1683 1664 1733 f,
1691 1689 1702 1736 ἒ

220 1762 346 1815 idque
373 1762 600 1802 rectissime
637 1762 787 1802 fecisse
817 1761 1094 1810 Athenaeum,
1133 1762 1199 1800 vel
1229 1774 1278 1801 ex
1306 1761 1543 1814 fragmentis
1571 1774 1667 1813 per-

221 1841 404 1894 spicitur‚
434 1853 607 1892 quorum
637 1839 739 1879 haec
768 1839 927 1878 indoles
957 1843 1032 1887 est,
1062 1843 1108 1879 ut
1135 1839 1316 1880 Alexidis
1345 1840 1387 1879 in
1418 1851 1574 1878 summa
1601 1839 1665 1879 in-

1690 1839 1702 1890 ἐξ

220 1919 331 1972 genii
358 1919 546 1957 ubertate
575 1918 722 1957 mirum
753 1918 977 1970 elegantiae
1006 1919 1216 1969 omnisque
1234 1917 1395 1969 generis
1424 1916 1664 1958 facetiarum
1693 1910 1702 1951 25

221 1998 399 2036 studium
428 1996 555 2035 fuisse
583 1997 871 2048 intelligamus.
915 1998 1043 2048 Quam
1073 1997 1112 2035 in
1137 2008 1225 2034 rem
1255 1995 1442 2033 laudasse
1473 1995 1664 2045 sufficiat,
1691 2004 1702 2031 ³3

222 2087 326 2127 quae
364 2074 540 2113 servavit
568 2074 769 2113 Stobaeus
810 2075 941 2114 Serm.
987 2074 1118 2113 CXVI
1160 2085 1200 2124 p.
1236 2070 1318 2110 475
1349 2075 1389 2110 et
1422 2071 1570 2111 Athen.
1602 2071 1664 2111 111
1686 2079 1698 2096 *³

219 2165 261 2205 p.
293 2151 374 2191 104
388 2150 428 2190 d.
474 2151 530 2192 Vl
559 2165 599 2203 p.
631 2152 710 2191 164
729 2153 768 2192 b.
813 2153 895 2192 224
908 2152 938 2191 f.
968 2153 1049 2191 237
1068 2152 1106 2190 b.
1150 2150 1250 2191 VIII
1279 2162 1319 2202 p.
1347 2150 1428 2188 336
1445 2148 1483 2187 d.
1528 2148 1610 2202 340
1626 2162 1663 2190 a.

220 2231 280 2271 XI
309 2243 350 2283 p.
379 2230 511 2270 4702.
547 2229 627 2269 ΧΠ
657 2243 697 2282 p.
726 2229 809 2269 544
825 2242 860 2269 e.
890 2228 973 2268 552
990 2242 1027 2268 e.
1063 2228 1161 2268 xm
1190 2240 1230 2279 p.
1260 2204 1343 2267 533
1359 2227 1396 2266 d.
1427 2226 1558 2266 568³.
1586 2226 1664 2268 xv

219 2321 263 2361 p.
291 2308 371 2347 691
390 2321 426 2348 e.
456 2308 548 2357 alia,
585 2309 627 2348 in
656 2308 800 2360 quibus
830 2307 932 2346 nihil
957 2307 1139 2348 invenias
1168 2306 1277 2357 quod
1305 2319 1387 2345 non
1415 2305 1664 2344 facetissime

222 2387 375 2426 dictum
410 2385 581 2426 fateare.
652 2388 781 2438 Quam
820 2385 981 2424 laudem
1024 2384 1091 2436 qui
1125 2384 1274 2423 talibus
1311 2384 1425 2432 locis,
1462 2383 1591 2433 qualis
1627 2382 1662 2422 is
1693 2400 1695 2402 ·

220 2467 284 2504 est
330 2477 451 2516 quem
486 2468 651 2516 praeter
690 2465 789 2504 alios
830 2463 1005 2502 servavit
1033 2462 1257 2502 Scholiasta
1287 2461 1467 2500 Platonis
1496 2456 1693 2522 Ruhnlffss

218 2554 260 2594 p.
291 2541 387 2589 140,
417 2542 601 2582 imminui
630 2547 760 2596 putat,
790 2541 823 2582 is
851 2545 1016 2593 reputet
1043 2541 1179 2588 velim,
1225 2539 1415 2591 ignorare
1444 2552 1517 2578 nos
1556 2544 1690 2590 quae-¹

215 2618 344 2658 fuerit
372 2619 541 2659 actionis
570 2621 775 2672 totiusque
803 2619 979 2668 fabulae,
1009 2619 1075 2659 cui
1103 2617 1367 2669 subfrigidam
1397 2617 1507 2655 illam
1537 2616 1660 2656 maxi-

217 2710 373 2738 marum
401 2698 623 2738 insularum
653 2698 998 2739 enumerationem
1027 2695 1210 2746 inseruit,
1239 2698 1358 2734 tenor
1386 2697 1428 2733 et
1455 2693 1571 2734 ratio.
1612 2693 1658 2732 In
