1702 3190
202 179 258 220 32
881 189 1056 217 amnes.

201 289 283 330 vol.
314 288 333 327 1
370 300 411 339 p.
440 285 523 326 567
566 285 618 326 de
655 286 862 339 Eupolide
897 287 1002 328 haec
1037 287 1198 336 scribit,
1237 284 1399 343 ἔγραψε
1438 285 1549 331 τόσα
1584 291 1661 332 καὶ

202 361 314 404 ἄλλα
341 358 820 417 διασκευαζόμενοςῐὸ).
851 365 984 415 Atque
1014 365 1093 403 hoc
1122 362 1349 416 διασκευῆς
1378 382 1506 421 genus
1537 370 1658 411 etiam

203 443 255 482 ad
283 442 360 481 alia
396 441 559 493 poesios
588 455 739 493 genera
775 443 1022 492 pertinuisse
1051 443 1171 482 docet
1209 443 1390 484 eiusdem
1419 446 1569 486 Suidae
1597 447 1659 486 lo-

203 533 274 560 cus
305 520 384 559 vol.
415 519 475 558 111
513 532 554 570 p.
583 519 680 568 474,
721 519 790 558 ubi
819 519 861 558 in
891 532 1063 559 recensu
1093 521 1314 560 carminum
1344 523 1392 561 ab
1423 523 1657 572 Timotheo,

201 600 325 650 poeta
353 596 494 648 lyrico,
521 597 766 648 scriptorum
784 601 1151 636 commemorantur
1171 599 1292 637 etiam
1320 595 1442 637 ἐννέα
1462 595 1660 637 διασκευ-

202 669 270 721 αί,
309 686 413 725 quae
460 673 512 712 de
552 674 603 713 iis
649 674 821 713 aliorum
861 677 1073 725 poetarum
1111 676 1352 716 carminibus
1395 676 1660 727 intelligenda

203 751 420 799 videntur,
458 762 630 801 quorum
669 751 812 790 modos
851 750 1094 810 Timotheus
1131 753 1350 792 refinxerat
1386 756 1428 791 et
1467 752 1518 791 ad
1555 765 1658 801 eam,

204 840 324 880 quam
353 829 441 879 ipse
468 828 738 878 sequebatur,
774 828 816 867 in
856 840 902 866 re
939 828 1092 867 musica
1130 830 1328 868 rationem
1358 832 1657 881 attemperarat.

203 908 333 958 Quam
361 905 442 943 late
472 908 608 943 autem
637 904 733 944 illae
763 904 986 944 dramatum
1017 902 1243 944 διασκευαὶ
1261 907 1544 959 pertinuerint,
1574 919 1657 946 non

203 988 317 1023 certo
354 983 506 1033 ubique
544 981 706 1020 definiri
741 985 893 1033 pote-t.
965 982 1183 1023 Probabile
1221 987 1283 1023 est
1318 983 1446 1023 fuisse
1483 984 1656 1033 fabulas,

202 1072 374 1112 quarum
403 1059 536 1098 forma
578 1062 618 1098 et
648 1059 868 1109 descriptio
907 1072 981 1110 per
1011 1072 1151 1099 omnes
1179 1064 1317 1111 partes
1345 1061 1554 1100 liberrime
1580 1061 1657 1100 im-

201 1141 381 1177 mutatae
410 1139 575 1174 essent:
609 1135 651 1174 in
681 1136 770 1173 aliis
801 1134 1024 1174 modestius
1052 1140 1233 1176 versatos
1264 1150 1355 1176 esse
1384 1137 1655 1176 diasceuastae

200 1213 323 1253 docet
350 1212 531 1253 Alexidis
561 1212 711 1260 Antea,
742 1224 846 1263 quae
876 1212 1088 1252 Athenaeo
1118 1216 1225 1253 teste
1253 1213 1324 1253 lib.
1354 1214 1415 1253 111
1452 1227 1492 1266 p.
1524 1215 1605 1254 127
1629 1214 1654 1253 b

200 1291 250 1331 ab
289 1291 544 1342 Antiphanea
582 1290 766 1329 eiusdem
805 1289 978 1328 nominis
1015 1289 1153 1330 fabula
1200 1287 1247 1328 ἐν
1282 1285 1443 1340 ὀλίγοις
1479 1285 1656 1343 σφόδρα

200 1368 430 1408 differebat.
488 1367 612 1407 Aliud
643 1367 826 1406 eiusdem
855 1366 1016 1418 generis
1047 1368 1278 1419 exemplum
1306 1368 1506 1408 habemus
1533 1369 1575 1408 in
1603 1369 1655 1408 iis

200 1459 305 1498 quae
340 1458 390 1484 ex
433 1445 612 1484 Caecilio
650 1444 772 1483 tradit
810 1443 1014 1482 Eusebius
1051 1443 1198 1496 Praep.
1227 1446 1383 1498 Evang.
1419 1446 1471 1494 X,
1500 1447 1549 1495 2,
1584 1445 1654 1498 qui

200 1535 325 1575 quum
360 1522 633 1561 Menandrum
682 1523 840 1573 culpat,
887 1520 997 1571 quod
1031 1521 1274 1573 Antiphanis
1313 1516 1554 1572 Οἰωνιστὴν
1601 1524 1653 1563 ab

199 1600 313 1640 initio
353 1599 406 1638 ad
442 1600 569 1639 finem
607 1612 738 1651 usque
773 1599 817 1639 in
846 1593 1161 1650 Λεισιόαίμονα
1198 1613 1312 1640 suam
1340 1601 1654 1653 transcripserit,

200 1689 373 1728 eamque
412 1677 463 1716 ob
505 1690 667 1716 causam
703 1677 959 1726 Menandro,
1007 1677 1248 1718 feracissimi
1289 1680 1444 1730 ingenii
1489 1683 1654 1730 poetae,

197 1754 325 1807 plagii
355 1755 508 1794 crimen
537 1754 724 1803 intendit,
753 1754 864 1793 haud
892 1754 1096 1794 immerito
1126 1759 1277 1795 tantam
1305 1756 1417 1795 illam
1441 1756 1653 1808 utriusque

196 1830 362 1871 fabulae
411 1832 718 1870 similitudinem
765 1844 815 1870 ex
861 1832 1046 1871 modesta
1089 1835 1312 1885 paucisque
1361 1834 1651 1875 mutationibus

198 1912 390 1950 contenta
419 1909 701 1962 Antiphaneae
730 1908 894 1949 fabulae
921 1911 1160 1951 recensione
1188 1914 1436 1963 repetemus.

337 1987 490 2038 Magno
538 1999 630 2027 cum
667 1986 801 2026 studio
847 1992 1050 2039 spectatas
1095 2002 1187 2028 esse
1231 1989 1390 2029 fabulas
1432 1987 1650 2041 Magnetis,
1700 1976 1702 2022 ἒ

196 2068 244 2106 ut
271 2065 323 2104 de
351 2064 611 2104 victoriarum
647 2077 746 2117 quas
774 2066 934 2106 rettulit
962 2078 1132 2107 numero
1160 2070 1338 2116 taceam,
1377 2065 1498 2106 docet
1528 2065 1650 2105 etiam
1699 2070 1702 2093 ³

230 2243 299 2294 ¹⁸)
328 2242 490 2282 Eodem
518 2241 609 2283 fere
639 2254 763 2284 sensu
800 2249 947 2296 poetae
995 2239 1050 2283 τὰ
1080 2239 1283 2296 δράματα
1310 2234 1578 2281 ἐπικαττύειν
1606 2242 1649 2280 et
1696 2243 1702 2252 ’

309 2294 497 2350 πτερνίζε
501 2308 542 2336 ιν
589 2299 855 2349 dicebantur,
912 2300 1151 2352 metaphora
1191 2313 1214 2338 a
1257 2302 1441 2338 sutorum
1483 2296 1647 2360 opificio
1696 2320 1702 2345 3

1697 2145 1702 2175 1

1695 2194 1702 2276 ἕ

1695 2295 1699 2317 3

308 2354 441 2394 ducta.
500 2355 757 2416 Phrynichus
782 2358 932 2408 Appar.
954 2357 1073 2419 soph.
1099 2369 1139 2406 p.
1163 2356 1230 2418 39,
1254 2355 1307 2393 19
1345 2346 1651 2393 Ἐπικαττύειν
1692 2360 1702 2410 {³

307 2408 383 2446 καὶ
419 2406 676 2470 πτερνίζεινε
715 2407 771 2449 τὰ
806 2408 975 2450 παλαιὰ
1010 2406 1306 2458 ἐπισκευάζειν.
1363 2405 1389 2458 ἡ
1418 2403 1648 2471 μεταφορὰ

1694 2412 1702 2447 11

310 2458 398 2503 ἀπὸ
434 2476 520 2514 των
554 2467 644 2514 τοῖς
680 2465 883 2514 παλαιοῖς
921 2463 1202 2519 ὑποδημασιν
1241 2463 1362 2518 ἕτερα
1388 2458 1647 2527 καττύματα
1692 2457 1702 2512 {³

308 2518 384 2558 καὶ
419 2520 602 2585 πτέρνας
640 2518 1022 2587 προσραπτόντων.
1089 2520 1260 2586 λέγουσι
1298 2521 1343 2558 δὲ
1377 2518 1448 2559 ἐπὶ
1477 2530 1563 2557 των
1590 2531 1647 2558 τα

307 2573 477 2615 παλαιὰ
505 2575 591 2616 τῶν
607 2575 844 2633 δραμάτων
861 2573 1215 2632 μεταποιούντων
1228 2574 1301 2615 καὶ
1314 2571 1643 2636 μεταρραπτόν-
1686 2575 1691 2586 ”

307 2641 408 2670 των.
483 2632 692 2676 Dictiones
729 2636 826 2677 illae
862 2636 1039 2677 fortasse
1076 2646 1126 2674 ex
1164 2632 1329 2673 comicis
1366 2627 1500 2686 poetis
1536 2630 1643 2685 peti-
1684 2639 1685 2643 ’

308 2690 378 2729 tae
404 2692 511 2730 suut.
