1702 3190
706 166 855 196 nmo.
1430 152 1513 194 165

39 269 220 312 secunda
256 269 380 324 longa
416 267 526 321 apud
562 268 729 309 Suidam
766 268 847 308 vol.
886 266 947 306 111
976 268 1037 318 ps
1060 264 1158 315 575,
1197 259 1345 307 π’ίεται
1382 265 1515 321 prima

36 349 154 391 brevi
182 348 291 403 apud
320 347 472 389 Athen.
502 347 541 388 X
578 362 619 401 p.
649 347 732 388 456
746 359 784 396 a,
820 338 1022 400 ὥρὺομαί
1051 345 1238 386 secunda
1268 345 1387 387 brevi
1412 345 1512 386 ibid.

39 430 137 472 XIV
196 459 207 469 .
238 428 321 469 628
339 427 380 468 d.

148 443 467 550 nlialedicenttae
484 505 640 546 crimen
670 516 752 557 quo
782 507 948 545 notatur
970 490 1090 544 Plato
1120 503 1303 544 comicus
1334 517 1358 543 a
1380 503 1514 544 Dione

38 589 251 642 Chrysost.
291 587 408 627 Orat.
445 583 626 625 XXXIII
659 595 702 635 p.
741 582 770 622 4
806 582 910 624 Rsk.
959 593 1041 623 non
1085 581 1166 621 nisi
1202 581 1254 621 ad
1292 586 1514 635 corruptos

37 665 192 707 saeculi
221 666 285 706 sui
315 675 451 706 mores
480 666 524 702 et
551 660 762 714 improbos
791 662 862 715 qui
898 660 1196 716 rempublicam
1236 661 1318 701 illis
1349 664 1514 713 tempo-

33 744 149 785 ribus
177 743 416 796 gravissime
449 739 691 795 affligebant
730 740 841 780 cives
879 727 1131 793 pertin-uisse
1161 739 1341 780 videtur.
1400 739 1513 780 Hinc

35 821 250 870 Cleonem,
281 819 347 861 cui
376 833 422 860 se
451 818 607 860 bellum
636 819 825 861 intulisse
847 820 939 874 ipse
964 820 1166 873 gloriatur
1185 818 1296 871 apud
1312 818 1511 858 Priscian.

37 900 94 944 IV
122 900 220 950 211,
257 899 547 954 Hyperbolum
588 902 631 938 et
669 898 975 952 cleophontem
1011 899 1054 938 in
1094 885 1411 950 cognominibus
1449 896 1514 937 fa-

34 980 166 1031 bulis,
203 980 409 1021 Cinesiam
450 977 800 1031 dithyrambicum
840 982 1030 1031 poetam,
1070 977 1299 1030 pessimum
1337 977 1514 1018 nebulo-

32 1072 149 1108 nem,
188 1059 298 1112 apud
335 1057 540 1098 Galenum
576 1056 787 1109 Hypom'n.
821 1057 865 1097 in
894 1057 1097 1111 Hippocr.
1128 1056 1401 1110 Apim-:VH
1442 1056 1511 1102 eil.

31 1137 245 1179 Plutarch.
281 1137 423 1189 Symp.
453 1135 533 1177 V11
562 1135 603 1184 8,
642 1135 828 1187 aliosque
865 1134 909 1176 id
939 1149 1071 1190 genus
1101 1137 1295 1177 homiues
1324 1137 1512 1177 interne-

22 1217 127 1266 ,cino
158 1215 376 1269 exagitarit
405 1214 514 1254 odio.
575 1214 764 1265 Cumque
795 1215 978 1255 omnium
1015 1214 1217 1256 malorum
1263 1216 1416 1268 quibus
1454 1215 1514 1255 ci-

31 1296 135 1336 vitas
163 1294 502 1348 pessumdaretur
547 1305 711 1333 causam
749 1306 773 1332 a
808 1294 947 1347 pravis
985 1294 1249 1348 publicorum
1298 1298 1513 1334 oratorum

19 1355 190 1426 :artibus
227 1376 460 1427 repeteret,
499 1376 587 1413 tum
625 1371 877 1414 rhetoricam
915 1378 1048 1416 artem
1077 1378 1225 1427 utpote
1254 1373 1512 1427 reipublicae

20 1436 303 1512 ¹‘perniciosam
334 1453 512 1492 devovet
542 1457 585 1494 et
614 1452 882 1503 condemnat,
922 1453 1036 1495 Sext.
1066 1454 1228 1509 Empir.
1259 1452 1352 1495 adv.
1382 1452 1510 1493 Rhet.

33 1533 73 1577 11
101 1547 143 1588 p.
173 1533 271 1582 296,
312 1538 398 1572 tum
428 1535 615 1572 oratores
652 1531 765 1584 ipsos
795 1534 908 1574 omni
942 1533 1218 1575 contumeliae
1248 1545 1406 1588 genere
1438 1532 1511 1572 ado

30 1613 209 1674 spagit,
242 1610 439 1666 doletque
467 1610 626 1651 nullum
656 1611 700 1651 in
731 1612 896 1653 civitate
925 1613 1103 1666 reperiri
1135 1611 1296 1653 Iolaum
1333 1611 1404 1664 qui
1435 1604 1512 1667 ῥή·

17 1705 163 1747 ἑτορας
197 1691 313 1732 velut
351 1690 525 1744 Hydrae
567 1690 702 1744 capita
739 1696 1050 1734 succrescentes
1089 1692 1176 1745 igni
1205 1691 1406 1744 ferroque
1436 1691 1510 1730 de-

23 1763 127 1834 ss-leat.
184 1771 236 1814 V.
265 1770 434 1812 Stobaei
462 1770 554 1811 Ecl.
585 1769 712 1824 Phys.
745 1771 784 1813 11
813 1785 855 1825 p.
886 1773 940 1813 26
972 1773 1040 1813 cll.
1072 1772 1248 1814 Porson.
1279 1769 1332 1810 ad
1361 1771 1508 1822 Eurip.

31 1830 145 1894 Med.
182 1863 224 1904 p.
253 1849 351 1891 410.
422 1850 576 1890 Contra
619 1849 910 1891 excellentium
942 1852 1090 1891 civium
1120 1851 1236 1891 velut
1266 1849 1509 1890 Themisto-

31 1930 106 1972 clis
134 1930 376 1971 memoriam
411 1942 494 1971 non
534 1928 625 1969 sine
667 1943 815 1983 magno
847 1931 1025 1982 quodam
1062 1930 1187 1970 animi
1217 1932 1334 1969 motu
1363 1933 1408 1970 et
1438 1929 1509 1968 de-

26 2009 182 2051 siderio
219 2008 388 2058 recolit,
426 2007 638 2049 Plutarch.
669 2008 820 2049 Thcm.
850 2022 892 2063 p.
922 2009 1004 2049 235
1038 2011 1134 2049 Cor.
1202 2009 1307 2049 Cum
1344 2008 1507 2049 Aristo-

25 2071 168 2143 phane
202 2100 307 2142 quae
323 2088 487 2128 Platoni
516 2088 621 2128 ratio
651 2088 935 2129 intercesserit
965 2088 1150 2128 divinare
1179 2087 1280 2127 licet
1302 2101 1351 2127 ex
1365 2085 1507 2127 Schol.

20 2158 214 2210 ¹Platonis
248 2167 379 2208 Bekk.
422 2181 465 2220 p.
494 2167 577 2207 331
616 2164 889 2223 κωμῳδεῖται
918 2166 1280 2220 (Aristophanes)
1321 2158 1394 2205 ὅτι
1432 2164 1508 2204 καὶ

30 2242 81 2286 τὸ
120 2244 196 2297 τῆς
223 2239 414 2301 Εἰρήνης
451 2242 712 2287 κολοσσικὸν
746 2242 896 2300 ἐξῆρεν
932 2239 1126 2298 ἄγαλμα.
1184 2239 1379 2290 Εὔπολις
1407 2238 1507 2283 Λύ-

31 2319 209 2379 τολύκῳ,
239 2320 433 2365 Πλάτων
462 2321 637 2374 Νίκαις.
693 2325 864 2367 Scilicet
893 2325 1043 2365 riserat
1073 2323 1195 2364 Plato
1228 2335 1318 2363 eam
1347 2323 1507 2367 Aristo-

32 2404 221 2458 phaneae
258 2400 425 2443 fabulae
460 2409 622 2456 partem
668 2406 713 2459 in
750 2417 830 2458 qua
873 2405 1084 2458 ingentem
1122 2402 1242 2444 Pacis
1278 2403 1506 2458 imaginem

32 2482 228 2524 exhibuit.
299 2481 386 2523 Cfr.
415 2497 457 2536 p.
489 2483 587 2524 111.-

145 2562 321 2604 Fabula
341 2562 557 2604 Platonem
581 2562 774 2604 docuisse
794 2565 888 2604 octo
909 2565 952 2602 et
980 2562 1125 2614 viginti
1149 2565 1292 2602 auctor
1310 2565 1373 2602 est
1391 2563 1504 2603 Ano-

32 2653 178 2697 nymus
208 2640 261 2682 de
291 2641 407 2682 eom.
435 2654 478 2695 p.
507 2640 700 2691 XXXIV,
740 2641 1000 2695 eundemque
1028 2641 1151 2694 plane
1180 2652 1398 2681 numerum
1428 2652 1502 2692 po-

35 2719 95 2762 nit
129 2720 299 2784 Suidas,
347 2731 590 2774 quamquam
634 2720 831 2775 deinceps
874 2721 1042 2776 triginta
1084 2720 1320 2761 fabularum
1360 2708 1503 2759 titulos
