1702 3190
672 150 887 180 aran-rm.
1438 135 1525 178 227

36 267 188 299 nomen
218 254 364 296 vinosa
393 252 504 306 apua
521 253 689 294 Sumam
707 252 934 294 audoclam
966 254 1009 290 et
1037 249 1190 291 Athen.
1214 250 1295 292 vn
1325 230 1366 305 p.
1396 251 1480 291 aot
1500 252 1524 291 b

42 330 322 377 Καλλιπίκδ
336 346 394 383 ης
424 333 629 373 scribitur.
669 332 892 372 Praeterea
909 329 1100 368 laudatur
1124 331 1174 369 ab
1193 329 1410 370 Athenaeo
1425 329 1526 372 XIV

41 415 124 456 665
144 416 183 464 b,
228 413 299 454 ubi
342 412 538 452 Herculis
582 411 783 451 voracitas
824 408 1132 463 perstringitur.
1216 409 1299 448 Sed
1344 409 1524 449 fortasse

41 497 163 536 etiam
193 493 302 546 apud
332 492 549 531 Pollucem
578 490 616 530 X
645 491 700 530 29
731 489 898 527 fabulae
937 480 1065 526 huius
1097 500 1248 526 nomen
1288 489 1412 527 latet:
1449 483 1525 526 κό-

39 588 159 628 ρημα
188 570 241 612 τὸ
270 565 537 625 κοροὺμενον
560 566 608 607 ἐν
623 562 797 616 Σκηνὰς
826 561 1281 618 καταλαμβανούσαις
1311 561 1523 619 Ἀριστο-

39 649 228 708 φάνους·
255 643 400 702 ὥσπερ
429 646 476 687 ἐν
509 642 795 700 Καλλιππίδῃ
825 641 1148 699 [Στράττιδος]·
1192 639 1300 684 Ἐπὶ
1330 642 1412 684 τοῦ
1438 657 1513 684 κο-

38 728 234 786 ρήματος
262 725 512 779 καθέζομαι
535 719 694 778 χαμαί.

78 826 90 833 =
147 807 397 847 Cinesiae
446 805 677 858 pleniorem
725 802 889 843 titulum
932 801 1174 843 Athenaeus
1207 801 1265 843 lx
1305 817 1347 856 p.
1385 803 1521 844 suaa.

36 887 157 930 affert
182 886 319 925 hunc:
360 879 578 938 Στράττις
606 881 654 922 ἐν
684 877 1014 922 Manedum
1041 876 1070 932 ἢ
1102 878 1369 937 Κινησίᾳ.
1430 883 1522 923 Nisi

36 968 77 1008 is
103 964 257 1006 librarii
289 977 407 1019 error
437 968 526 1003 est:
555 963 652 1003 vide
682 962 792 1003 infra
822 977 862 1015 p.
890 963 988 1003 ⁶231.
1048 962 1234 1002 Stratoni
1263 962 1346 1001 hoc
1378 962 1520 1001 drama

38 1045 230 1087 tribuitur
258 1043 367 1096 apud
397 1042 670 1083 Scholiastam
702 1043 992 1095 Aristophanis
1013 1043 1087 1082 Av.
1122 1041 1255 1081 156&
1284 1041 1368 1081 Sed
1398 1047 1518 1081 recte

37 1125 303 1166 casaubonus
334 1124 386 1162 ad
416 1123 675 1162 Athenaeum
713 1137 751 1174 p.
786 1121 869 1162 327
888 1134 924 1160 e.
984 1115 1202 1175 Στράττις
1230 1120 1399 1173 scripsit
1438 1133 1517 1174 pro

35 1197 257 1257 Στράτων.
319 1203 503 1242 Fabulae
534 1215 683 1241 nomen
715 1201 869 1254 passim
899 1204 1163 1252 corruptum,
1205 1204 1248 1239 ut
1279 1201 1390 1252 apud
1422 1200 1520 1240 Pol-

34 1283 170 1324 lucem
202 1282 257 1324 IV
289 1281 369 1321 169
409 1281 478 1321 ubi
517 1282 614 1321 olim
647 1276 899 1329 Κυνησίας,
941 1283 984 1319 et
1014 1279 1052 1319 X
1083 1280 1166 1318 189
1210 1278 1280 1318 ubi
1311 1279 1520 1332 interpres

31 1363 185 1404 *latinus
227 1360 450 1400 Strattis
490 1360 540 1399 in
583 1359 911 1409 Venafione,
954 1358 1066 1398 unde
1111 1363 1285 1410 apparet
1326 1358 1521 1397 similiter

32 1438 127 1482 istic
157 1446 338 1479 erratum
374 1440 532 1488 fuisse,
573 1442 621 1477 ut
650 1439 760 1491 apud
790 1438 1036 1479 Erotianum
1067 1450 1108 1489 p.
1139 1438 1223 1476 216
1262 1437 1333 1476 ubi
1364 1437 1520 1490 legitur

37 1514 252 1574 Στράττις
278 1516 326 1557 ἐν
359 1515 600 1569 Κυνηγοῖς,
639 1518 751 1570 quod
776 1525 893 1558 recte
926 1517 1161 1557 emendavit
1190 1518 1435 1557 Maussacus
1466 1516 1519 1555 ad

37 1600 241 1652 Harpocr.
272 1612 313 1651 p.
344 1598 444 1647 216,
474 1597 653 1647 frustra,
695 1602 740 1637 ut
770 1597 940 1649 opinor,
982 1597 1227 1637 adversante
1259 1595 1354 1636 Tib.
1386 1595 1519 1635 Hem-

33 1677 262 1719 tterhusio.
330 1676 377 1717 111
408 1677 636 1728 Cinesiam‚
677 1677 849 1717 Meletis
890 1676 1120 1716 citharoedi
1160 1675 1313 1724 filium,
1351 1679 1519 1726 poetam

41 1756 402 1809 dithyrambicum‚
434 1757 627 1809 scriptam
665 1756 798 1796 fuisse
826 1755 1010 1795 fabulam
1049 1757 1218 1807 praeter
1254 1753 1519 1793 Athenaeum

36 1834 118 1876 xil
154 1847 196 1887 p.
225 1833 348 1874 551d
386 1836 510 1875 docet
539 1836 743 1887 Harpocr.
783 1848 824 1887 p.
854 1835 953 1876 216.
1021 1828 1239 1888 Στράττις
1275 1824 1383 1870 ὅλον
1411 1829 1519 1886 δρᾶ-

35 1925 102 1967 μα
136 1909 326 1962 ποιήσας
363 1907 424 1961 εἰς
466 1908 605 1953 αὑτὸν
643 1939 700 1945 -—-
737 1911 784 1952 ἐν
822 1903 855 1968 ᾧ
891 1911 968 1951 καὶ
1006 1909 1089 1961 τὴν
1127 1908 1337 1963 ἀσέβειαν
1379 1906 1520 1950 αὐτοῦ

34 1989 244 2048 κωμῳδεῖ.
312 1993 375 2032 De
403 1998 592 2046 tempore
622 1993 789 2032 fabulae
819 1993 922 2031 nihil
952 1997 1143 2032 tenemus
1175 1991 1254 2031 nisi
1286 2003 1377 2030 eam
1407 1991 1518 2039 inter

35 2072 344 2124 ⁴nonagesimam
373 2074 548 2124 primam
579 2077 622 2111 et
652 2073 961 2125 nonagesimam
983 2072 1202 2123 septimam
1232 2070 1300 2109 vel
1330 2075 1517 2110 octavam

39 2130 325 2203 (ilympiadem
354 2150 395 2188 in
427 2162 592 2189 scenam
622 2163 715 2190 esse
745 2152 1002 2202 productam.
1045 2150 1123 2190 His
1155 2149 1266 2188 enim
1296 2147 1390 2187 fere
1421 2149 1516 2187 fini-

39 2231 118 2270 bus
145 2228 454 2279 circumscripta
478 2232 541 2268 est
561 2229 752 2267 Cinesiae
775 2229 1009 2277 celebritas,
1041 2229 1158 2267 cuius
1189 2226 1518 2278 antiquissimam

42 2307 283 2347 memoriam
319 2306 518 2346 habemus
555 2307 664 2358 apud
695 2308 1011 2359 Aristophanem
1052 2307 1094 2346 in
1126 2306 1303 2353 Avibus,
1344 2305 1516 2345 novissi-

44 2396 151 2424 mam
180 2384 222 2423 in
252 2384 460 2434 Gerytade
490 2387 531 2423 et
560 2385 871 2425 Ecclesiazusis.
939 2385 1122 2424 Posthac
1151 2372 1232 2424 non
1264 2397 1516 2424 commemo-

43 2467 183 2511 ratur,
221 2462 298 2501 nisi
335 2461 447 2501 forte
483 2463 533 2501 ab
564 2464 735 2503 Anaxila
772 2463 813 2502 in
853 2463 974 2503 Circe
1013 2464 1123 2516 apud
1161 2462 1423 2504 Athenaeum
1454 2462 1517 2503 111

0 2543 2 2588 Q
44 2555 86 2595 p.
115 2540 239 2580 ⁹512:
270 2536 415 2580 δεινὸν
436 2540 519 2593 μὲν
536 2537 619 2594 γὰρ
650 2535 799 2594 ἔχονθ’
832 2536 909 2589 ὑὸς
937 2537 1093 2597 ῥύγχος
1120 2531 1153 2581 ὦ
1182 2539 1282 2596 φίλε
1300 2537 1514 2590 Κινησία.

1 2606 3 2646 Ῑ
45 2619 130 2660 Sed
170 2616 222 2659 de
260 2619 341 2659 hoc
378 2621 469 2660 loco
509 2633 660 2674 anceps
705 2620 885 2661 haereo:
932 2623 984 2662 ad
1024 2622 1272 2663 sententiam
1312 2622 1422 2661 enim
1458 2621 1517 2660 ita

3 2701 7 2708 '
46 2702 305 2751 comparatus
335 2702 420 2748 est,
458 2705 505 2740 ut
533 2701 840 2741 transformatio
877 2701 919 2742 in
950 2712 1066 2742 mem
1098 2700 1268 2754 egregie
1299 2699 1518 2740 conveniat

1155 2780 1206 2817 15
1238 2782 1255 2799 ⁴
