1702 3190
642 148 922 180 parmenus.
1439 133 1525 176 157

45 258 108 300 m
134 269 178 313 p.
207 253 264 299 74
276 268 314 307 a,
356 254 584 297 Grammat.
621 250 803 294 Bekkeri
839 263 882 304 p.
910 249 982 292 87.
1012 250 1083 291 99.
1111 249 1212 300 447,
1249 248 1415 292 Polluci
1442 247 1524 293 vu

43 338 100 380 22
132 341 175 379 et
203 335 356 378 PhotIo
386 345 421 375 s.
451 346 490 374 v.
519 327 774 386 Παρθένοι.

156 411 344 457 Μοῦσαι
385 426 468 455 una
499 424 592 452 cum
622 408 912 463 Aristophanis
942 407 1071 448 Ranis
1111 410 1153 446 et
1181 406 1367 447 Platonis
1397 407 1523 449 Cleo-

41 462 202 550 phonte
240 496 408 548 Olymp.
437 491 577 533 XCIII
606 490 635 530 3
670 487 715 530 in
754 491 963 529 certamen
1000 485 1218 525 commissa
1258 489 1300 525 et
1335 487 1520 528 secundo

41 574 231 628 praemio
272 577 416 614 ornata
453 571 644 623 (argum.
673 568 781 608 Rau.
817 568 860 606 et
889 564 1086 617 Sophocl.
1117 565 1267 618 Oedip.
1299 565 1390 606 col.
1420 579 1462 619 p.
1493 568 1522 606 6

40 654 210 704 Herm.)
232 652 273 692 in
304 663 384 704 quo
413 651 656 702 argumento
685 647 849 687 versata
877 644 1020 693 fuerit,
1050 648 1138 684 tum
1168 657 1220 684 ex
1248 645 1369 685 titulo
1397 645 1520 686 fabu-

38 731 106 772 lae
135 735 223 771 tum
253 743 277 771 e
305 727 551 782 fragmentis
577 716 882 780 quodammodo
914 723 1098 763 divinare
1127 723 1241 764 licet.
1311 725 1518 768 Videntur

37 810 148 851 enim
175 808 316 849 nescio
353 808 424 860 qui
453 806 715 860 (Sophocles
743 804 924 846 fortasse
954 808 996 845 et
1024 804 1279 857 Euripides)
1320 805 1373 845 de
1412 819 1516 860 poe-

33 888 118 930 sios
143 887 378 942 principatu
408 887 524 927 inter
561 900 609 928 se
638 889 928 935 concertasse,
965 883 1101 926 Musis
1137 884 1256 925 litem
1286 886 1517 927 dirimenti-

34 968 126 1009 bus.
185 969 277 1021 Quo
309 969 500 1028 ‘spectant
529 965 709 1007 fortasse
736 975 882 1008 versus
912 963 1024 1018 apud
1051 964 1259 1018 Harpocr.
1288 977 1332 1018 p.
1356 966 1443 1007 203
1473 971 1517 1009 et

34 1046 151 1088 Suid.
181 1059 217 1087 s.
247 1059 288 1087 v.
315 1040 547 1092 καδίσκοςε

204 1117 317 1173 ἰδού,
347 1121 474 1177 δέχου
502 1119 585 1173 τὴν
608 1120 782 1178 ψῆφον.
823 1116 848 1162 ὁ
878 1116 1088 1169 καδίσκος
1110 1118 1159 1161 δέ
1189 1134 1264 1163 σοι

200 1198 225 1243 ὁ
252 1203 334 1256 μὲν
360 1197 570 1243 ἀπολύων
597 1191 738 1251 οὗτος,
767 1196 793 1242 ὁ
824 1194 1078 1249 δ’ἀπολλύς
1106 1193 1197 1243 ὅδε.

31 1283 296 1325 Praeclarum
325 1281 543 1336 Sophoclis
580 1281 815 1323 encomium
852 1294 903 1322 ex
931 1281 1011 1322 hac
1047 1281 1190 1323 fabula
1228 1286 1408 1326 servavit
1444 1299 1511 1327 ar-

30 1376 144 1418 gum.
181 1361 379 1416 Sophocl.
423 1361 528 1403 Oed.
570 1362 664 1403 Col.
700 1360 790 1403 1.1.
859 1360 972 1402 Hinc
1010 1362 1232 1415 suspiceris
1273 1377 1324 1404 ex
1362 1365 1511 1406 eadem

17 1422 172 1485 'fabula
208 1443 474 1496 desumptum
512 1453 606 1483 esse
634 1440 773 1482 locum
809 1442 923 1495 apud
949 1441 1211 1483 Athenaeum
1249 1443 1292 1485 11
1326 1456 1368 1498 p.
1399 1445 1456 1486 44
1469 1446 1510 1496 d,

29 1523 74 1564 iu
110 1535 191 1576 quo
221 1521 426 1576 Lamprus
464 1519 685 1575 Sophoclis
724 1523 767 1563 in
796 1522 952 1563 musica
989 1526 1079 1564 arte
1108 1525 1306 1577 magister
1333 1525 1510 1576 ridetur,

31 1606 75 1644 et
101 1615 267 1644 versum
295 1617 320 1643 a
350 1603 538 1656 Diogene
566 1602 707 1644 Laert.
738 1603 798 1646 IV
827 1604 883 1644 20
913 1607 1136 1654 servatum,
1164 1605 1237 1644 ubi
1265 1604 1400 1646 refert
1424 1605 1509 1647 Ρο-

28 1682 236 1724 lemonem
265 1682 317 1724 iis
347 1684 523 1724 maxime
562 1681 666 1723 locis
697 1683 1031 1737 Sophocleorum
1068 1685 1296 1726 carminum
1325 1685 1510 1727 delecta-

30 1765 118 1805 tum
146 1777 254 1814 esse,
283 1758 405 1804 ἔνθα
434 1751 492 1814 ἦν
519 1757 635 1803 κατὰ
661 1758 743 1803 τὸν
776 1756 999 1817 Φρύνιχον

254 1836 309 1882 οὐ
335 1836 494 1894 γλύξις,
523 1836 604 1896 οὐχ
635 1836 863 1896 ὑπόχυτος,
891 1837 1006 1882 ἀλλὰ
1035 1836 1269 1897 πράμνιος.

29 1917 118 1964 Nec
153 1921 285 1973 male,
322 1922 492 1976 opinor,
536 1923 732 1963 coniicias
771 1923 883 1976 quod
920 1923 1153 1964 Scholiasta
1193 1923 1246 1964 ad
1283 1920 1506 1977 Sophoclis

30 2000 136 2043 ned.
174 2002 265 2043 eol.
310 2002 365 2043 17
399 2002 524 2043 dicit:
558 1997 766 2058 ἐκράτησε
805 2000 852 2043 δὲ
889 1999 1181 2058 (Σοφοκλῆς)
1216 1998 1416 2057 μεγάλως
1452 1996 1507 2059 τῇ

29 2072 342 2137 φράσει,ἱὼ’στε
377 2079 597 2137 μέλισσαν
627 2075 767 2122 αὐτὸν
795 2077 1009 2124 ἐκάλέσαν
1037 2082 1083 2124 οἱ
1110 2079 1313 2138 κωμικοί,
1350 2085 1422 2137 ⁸⁹)
1452 2083 1506 2124 ad

1300 2268 1313 2284 ³
1357 2269 1370 2284 ³
1411 2270 1423 2285 t
1465 2268 1476 2284 Ι

90 2272 601 2383 ‘'3133250‘22233323
606 2273 782 2371 '22¹2st
779 2268 836 2372 5⁵23
839 2271 1390 2381 Οέπῖῗθῖἶῖοἰλῖἒὸαὲἰὶ
1403 2288 1504 2373 ⁶²}-

144 2381 289 2445 thtcc„
300 2382 480 2438 ἐλέγετο.
512 2346 1060 2443 ὃοὶιοΗαὲιΐαρΑτίεῐοΡὴαιιίε
1089 2365 1217 2444 Vzesp.
1246 2391 1331 2431 460
1362 2385 1385 2430 ὁ
1413 2347 1504 2430 ἕο-

145 2438 311 2494 φοκλης
341 2439 424 2496 γὰρ
452 2438 574 2492 ἡδύς,
606 2442 676 2485 διὸ
705 2444 780 2484 καὶ
808 2445 991 2498 μέλιττα
1019 2445 1226 2488 ἐκαλεῖτο.
1276 2449 1424 2489 Suidas
1441 2449 1502 2489 111

143 2509 185 2550 p.
213 2496 296 2539 349
325 2496 669 2555 προσηγορεύθη
699 2499 746 2541 δὲ
774 2501 955 2555 μέλιττα
986 2500 1061 2544 διὰ
1088 2501 1141 2545 τὸ
1169 2499 1317 2557 γλυκύ.
1373 2507 1502 2546 Deni-

145 2566 228 2606 que
262 2553 541 2610 Σοφοκλέους
577 2558 657 2599 τοῦ
694 2557 838 2612 μέλιτι
871 2560 1152 2615 κεχρισμένου
1188 2558 1335 2614 στόμα
1371 2562 1502 2603 habe-

144 2623 236 2652 mus
266 2614 375 2665 apud
404 2615 724 2669 Aristophanem
754 2618 914 2672 fragm.-
932 2621 1030 2662 231.
1088 2621 1229 2663 Etiam
1259 2621 1501 2673 Phrynicho

139 2667 332 2768 ῗζςίξὲο
345 2671 433 2725 apis
472 2675 704 2728 cognomen
748 2674 881 2718 fuisse
918 2681 1080 2721 constat
1124 2691 1175 2721 ex
1209 2677 1501 2731 Aristophanis
