<?xml version="1.0" encoding="UTF-8"?>
<!DOCTYPE html PUBLIC "-//W3C//DTD XHTML 1.0 Transitional//EN"
    "http://www.w3.org/TR/xhtml1/DTD/xhtml1-transitional.dtd">
<html xmlns="http://www.w3.org/1999/xhtml" xml:lang="en" lang="en">
 <head>
  <title>
</title>
<meta http-equiv="Content-Type" content="text/html;charset=utf-8" />
  <meta name='ocr-system' content='tesseract 3.04.00' />
  <meta name='ocr-capabilities' content='ocr_page ocr_carea ocr_par ocr_line ocrx_word'/>
</head>
<body>
  <div class='ocr_page' id='page_1' title='image "./fragmentacomicor01meinuoft_0122.png"; bbox 0 0 1702 3190; ppageno 0'>
   <div class='ocr_carea' id='block_1_1' title="bbox 218 175 1050 214">
    <p class='ocr_par' dir='ltr' id='par_1_1' title="bbox 218 175 1050 214">
     <span class='ocr_line' id='line_1_1' title="bbox 218 175 1050 214; baseline -0.01 0"><span class='ocrx_word' id='word_1_1' title='bbox 218 175 302 214; x_wconf 85' lang='lat' dir='ltr'><strong>loo</strong></span> <span class='ocrx_word' id='word_1_2' title='bbox 833 179 1050 207; x_wconf 70' lang='lat' dir='ltr'><strong>ura-rinus.</strong></span> 
     </span>
    </p>
   </div>
   <div class='ocr_carea' id='block_1_2' title="bbox 217 260 1674 2263">
    <p class='ocr_par' dir='ltr' id='par_1_2' title="bbox 217 260 1674 2263">
     <span class='ocr_line' id='line_1_2' title="bbox 337 260 1671 332; baseline -0.002 -11"><span class='ocrx_word' id='word_1_3' title='bbox 337 280 556 332; x_wconf 87' lang='lat' dir='ltr'><strong>Hermippi</strong></span> <span class='ocrx_word' id='word_1_4' title='bbox 591 280 762 320; x_wconf 81' lang='lat' dir='ltr'><strong>fratrem</strong></span> <span class='ocrx_word' id='word_1_5' title='bbox 798 277 1108 319; x_wconf 85' lang='lat' dir='ltr'><strong>MYRTILUM</strong></span> <span class='ocrx_word' id='word_1_6' title='bbox 1144 275 1299 326; x_wconf 79' lang='lat' dir='ltr'><strong>fuisse,</strong></span> <span class='ocrx_word' id='word_1_7' title='bbox 1336 260 1473 330; x_wconf 55' lang='lat' dir='ltr'><strong>supra·</strong></span> <span class='ocrx_word' id='word_1_8' title='bbox 1493 291 1517 317; x_wconf 86' lang='lat' dir='ltr'><strong>e</strong></span> <span class='ocrx_word' id='word_1_9' title='bbox 1547 278 1671 318; x_wconf 83' lang='lat' dir='ltr'><strong>Suida</strong></span> 
     </span>
     <span class='ocr_line' id='line_1_3' title="bbox 222 355 1671 407; baseline -0.003 -9"><span class='ocrx_word' id='word_1_10' title='bbox 222 359 465 399; x_wconf 80' lang='lat' dir='ltr'><strong>monuimus.</strong></span> <span class='ocrx_word' id='word_1_11' title='bbox 543 357 678 396; x_wconf 87' lang='lat' dir='ltr'><strong>Huius</strong></span> <span class='ocrx_word' id='word_1_12' title='bbox 723 357 846 396; x_wconf 78' lang='lat' dir='ltr'><strong>vitam</strong></span> <span class='ocrx_word' id='word_1_13' title='bbox 890 359 1033 407; x_wconf 80' lang='lat' dir='ltr'><strong>utpote</strong></span> <span class='ocrx_word' id='word_1_14' title='bbox 1080 355 1121 393; x_wconf 92' lang='lat' dir='ltr'><strong>in</strong></span> <span class='ocrx_word' id='word_1_15' title='bbox 1169 355 1360 406; x_wconf 84' lang='lat' dir='ltr'><strong>cauponis</strong></span> <span class='ocrx_word' id='word_1_16' title='bbox 1407 359 1448 393; x_wconf 87' lang='lat' dir='ltr'><strong>et</strong></span> <span class='ocrx_word' id='word_1_17' title='bbox 1492 355 1671 394; x_wconf 72' lang='lat' dir='ltr'><strong>taberni-</strong></span> 
     </span>
     <span class='ocr_line' id='line_1_4' title="bbox 223 431 1671 486; baseline -0.003 -11"><span class='ocrx_word' id='word_1_18' title='bbox 223 439 468 475; x_wconf 78' lang='lat' dir='ltr'><strong>transactam</strong></span> <span class='ocrx_word' id='word_1_19' title='bbox 517 434 629 486; x_wconf 88' lang='lat' dir='ltr'><strong>tangi</strong></span> <span class='ocrx_word' id='word_1_20' title='bbox 667 438 811 486; x_wconf 86' lang='lat' dir='ltr'><strong>putant</strong></span> <span class='ocrx_word' id='word_1_21' title='bbox 856 434 905 472; x_wconf 89' lang='lat' dir='ltr'><strong>ab</strong></span> <span class='ocrx_word' id='word_1_22' title='bbox 943 433 1092 477; x_wconf 82' lang='lat' dir='ltr'>Athen.</span> <span class='ocrx_word' id='word_1_23' title='bbox 1128 432 1228 471; x_wconf 82' lang='lat' dir='ltr'>XIII</span> <span class='ocrx_word' id='word_1_24' title='bbox 1265 445 1303 483; x_wconf 92' lang='lat' dir='ltr'><strong>p.</strong></span> <span class='ocrx_word' id='word_1_25' title='bbox 1335 432 1416 471; x_wconf 82' lang='lat'><strong>566</strong></span> <span class='ocrx_word' id='word_1_26' title='bbox 1436 431 1466 480; x_wconf 82' lang='lat' dir='ltr'><strong>f,</strong></span> <span class='ocrx_word' id='word_1_27' title='bbox 1513 444 1561 470; x_wconf 84' lang='lat' dir='ltr'><strong>ex</strong></span> <span class='ocrx_word' id='word_1_28' title='bbox 1591 444 1671 482; x_wconf 87' lang='lat' dir='ltr'><strong>quo</strong></span> 
     </span>
     <span class='ocr_line' id='line_1_5' title="bbox 219 509 1672 564; baseline -0.002 -12"><span class='ocrx_word' id='word_1_29' title='bbox 219 514 337 561; x_wconf 83' lang='lat' dir='ltr'><strong>loco,</strong></span> <span class='ocrx_word' id='word_1_30' title='bbox 369 525 491 564; x_wconf 86' lang='lat' dir='ltr'><strong>quum</strong></span> <span class='ocrx_word' id='word_1_31' title='bbox 524 511 656 549; x_wconf 86' lang='lat' dir='ltr'><strong>minus</strong></span> <span class='ocrx_word' id='word_1_32' title='bbox 686 511 846 563; x_wconf 83' lang='lat' dir='ltr'><strong>integre</strong></span> <span class='ocrx_word' id='word_1_33' title='bbox 876 512 1049 562; x_wconf 84' lang='lat' dir='ltr'><strong>scriptus</strong></span> <span class='ocrx_word' id='word_1_34' title='bbox 1079 523 1170 548; x_wconf 86' lang='lat' dir='ltr'><strong>esse</strong></span> <span class='ocrx_word' id='word_1_35' title='bbox 1196 510 1401 557; x_wconf 85' lang='lat' dir='ltr'><strong>videatur,</strong></span> <span class='ocrx_word' id='word_1_36' title='bbox 1431 509 1532 548; x_wconf 84' lang='lat' dir='ltr'>nihil</span> <span class='ocrx_word' id='word_1_37' title='bbox 1563 510 1672 549; x_wconf 82' lang='lat' dir='ltr'><strong>eius-</strong></span> 
     </span>
     <span class='ocr_line' id='line_1_6' title="bbox 219 588 1673 639; baseline -0.002 -10"><span class='ocrx_word' id='word_1_38' title='bbox 219 589 330 629; x_wconf 87' lang='lat' dir='ltr'><strong>modi</strong></span> <span class='ocrx_word' id='word_1_39' title='bbox 377 589 549 627; x_wconf 80' lang='lat' dir='ltr'><strong>efficias.</strong></span> <span class='ocrx_word' id='word_1_40' title='bbox 626 589 803 628; x_wconf 85' lang='lat' dir='ltr'><strong>Fabulas</strong></span> <span class='ocrx_word' id='word_1_41' title='bbox 840 589 1001 639; x_wconf 76' lang='lat' dir='ltr'><strong>Myrtili</strong></span> <span class='ocrx_word' id='word_1_42' title='bbox 1040 589 1185 627; x_wconf 82' lang='lat' dir='ltr'><strong>Suidas</strong></span> <span class='ocrx_word' id='word_1_43' title='bbox 1226 590 1514 625; x_wconf 80' lang='lat' dir='ltr'><strong>commemorat</strong></span> <span class='ocrx_word' id='word_1_44' title='bbox 1559 588 1673 635; x_wconf 83' lang='lat' dir='ltr'><strong>duas,</strong></span> 
     </span>
     <span class='ocr_line' id='line_1_7' title="bbox 218 660 1673 717; baseline -0.001 -11"><span class='ocrx_word' id='word_1_45' title='bbox 218 667 388 707; x_wconf 73' lang='lat' dir='ltr'><strong>alteram</strong></span> <span class='ocrx_word' id='word_1_46' title='bbox 419 660 610 717; x_wconf 60' lang='lat' dir='ltr'><strong>&#39;&#39;Eoomg</strong></span> <span class='ocrx_word' id='word_1_47' title='bbox 646 666 904 716; x_wconf 77' lang='lat' dir='ltr'><strong>inscriptam,</strong></span> <span class='ocrx_word' id='word_1_48' title='bbox 942 678 991 704; x_wconf 80' lang='lat' dir='ltr'><strong>ex</strong></span> <span class='ocrx_word' id='word_1_49' title='bbox 1020 677 1098 715; x_wconf 90' lang='lat' dir='ltr'><strong>qua</strong></span> <span class='ocrx_word' id='word_1_50' title='bbox 1127 665 1228 703; x_wconf 85' lang='lat' dir='ltr'><strong>nihil</strong></span> <span class='ocrx_word' id='word_1_51' title='bbox 1257 664 1576 714; x_wconf 82' lang='lat' dir='ltr'><strong>fragmentorum</strong></span> <span class='ocrx_word' id='word_1_52' title='bbox 1606 677 1673 704; x_wconf 88' lang='lat' dir='ltr'><strong>su·</strong></span> 
     </span>
     <span class='ocr_line' id='line_1_8' title="bbox 221 737 1674 796; baseline 0 -14"><span class='ocrx_word' id='word_1_53' title='bbox 221 748 375 796; x_wconf 86' lang='lat' dir='ltr'><strong>perest,</strong></span> <span class='ocrx_word' id='word_1_54' title='bbox 406 743 575 782; x_wconf 85' lang='lat' dir='ltr'><strong>alteram</strong></span> <span class='ocrx_word' id='word_1_55' title='bbox 611 737 920 787; x_wconf 67' lang='lat' dir='ltr'><strong>Taravcinamg,</strong></span> <span class='ocrx_word' id='word_1_56' title='bbox 949 744 1098 794; x_wconf 83' lang='lat' dir='ltr'><strong>passim</strong></span> <span class='ocrx_word' id='word_1_57' title='bbox 1128 755 1151 781; x_wconf 89' lang='lat' dir='ltr'><strong>a</strong></span> <span class='ocrx_word' id='word_1_58' title='bbox 1179 741 1450 794; x_wconf 77' lang='lat' dir='ltr'><strong>grammaticis</strong></span> <span class='ocrx_word' id='word_1_59' title='bbox 1483 742 1555 780; x_wconf 87' lang='lat' dir='ltr'><strong>sed</strong></span> <span class='ocrx_word' id='word_1_60' title='bbox 1583 742 1674 782; x_wconf 77' lang='lat' dir='ltr'><strong>fere</strong></span> 
     </span>
     <span class='ocr_line' id='line_1_9' title="bbox 220 818 1672 871; baseline -0.001 -11"><span class='ocrx_word' id='word_1_61' title='bbox 220 823 413 871; x_wconf 85' lang='lat' dir='ltr'><strong>corrupto</strong></span> <span class='ocrx_word' id='word_1_62' title='bbox 443 820 611 859; x_wconf 84' lang='lat' dir='ltr'><strong>fabulae</strong></span> <span class='ocrx_word' id='word_1_63' title='bbox 641 821 759 859; x_wconf 88' lang='lat' dir='ltr'><strong>titulo</strong></span> <span class='ocrx_word' id='word_1_64' title='bbox 789 821 1005 859; x_wconf 88' lang='lat' dir='ltr'><strong>laudatam.</strong></span> <span class='ocrx_word' id='word_1_65' title='bbox 1051 819 1171 871; x_wconf 91' lang='lat' dir='ltr'>Apud</span> <span class='ocrx_word' id='word_1_66' title='bbox 1191 818 1672 871; x_wconf 84' lang='lat' dir='ltr'><strong>ScholiastenAristoph.</strong></span> 
     </span>
     <span class='ocr_line' id='line_1_10' title="bbox 220 891 1674 952; baseline -0.003 -14"><span class='ocrx_word' id='word_1_67' title='bbox 220 898 296 938; x_wconf 81' lang='lat' dir='ltr'><strong>Av.</strong></span> <span class='ocrx_word' id='word_1_68' title='bbox 329 897 437 936; x_wconf 76' lang='lat'>1490</span> <span class='ocrx_word' id='word_1_69' title='bbox 469 892 691 951; x_wconf 65' lang='grc' dir='ltr'><em>ΒΙυρτίλος</em></span> <span class='ocrx_word' id='word_1_70' title='bbox 728 895 773 936; x_wconf 78' lang='grc' dir='ltr'><strong>ἐν</strong></span> <span class='ocrx_word' id='word_1_71' title='bbox 801 895 854 952; x_wconf 78' lang='grc' dir='ltr'><strong>τῇ</strong></span> <span class='ocrx_word' id='word_1_72' title='bbox 888 891 1127 950; x_wconf 77' lang='grc' dir='ltr'><em>Ίάνοπάσῃ</em></span> <span class='ocrx_word' id='word_1_73' title='bbox 1163 896 1315 947; x_wconf 88' lang='lat' dir='ltr'><strong>legitur</strong></span> <span class='ocrx_word' id='word_1_74' title='bbox 1348 909 1423 948; x_wconf 88' lang='lat' dir='ltr'><strong>pro</strong></span> <span class='ocrx_word' id='word_1_75' title='bbox 1462 894 1509 934; x_wconf 78' lang='grc' dir='ltr'><strong>ἐν</strong></span> <span class='ocrx_word' id='word_1_76' title='bbox 1543 896 1674 935; x_wconf 83' lang='grc' dir='ltr'><em>Τιτα-</em></span> 
     </span>
     <span class='ocr_line' id='line_1_11' title="bbox 220 969 1674 1030; baseline -0.001 -17"><span class='ocrx_word' id='word_1_77' title='bbox 220 969 397 1014; x_wconf 65' lang='lat' dir='ltr'><strong>vonam.</strong></span> <span class='ocrx_word' id='word_1_78' title='bbox 456 976 594 1015; x_wconf 88' lang='lat' dir='ltr'><strong>Minus</strong></span> <span class='ocrx_word' id='word_1_79' title='bbox 622 979 736 1014; x_wconf 88' lang='lat' dir='ltr'><strong>recte</strong></span> <span class='ocrx_word' id='word_1_80' title='bbox 765 976 963 1015; x_wconf 85' lang='lat' dir='ltr'><strong>Kusterus</strong></span> <span class='ocrx_word' id='word_1_81' title='bbox 993 974 1043 1013; x_wconf 86' lang='lat' dir='ltr'><strong>ad</strong></span> <span class='ocrx_word' id='word_1_82' title='bbox 1073 973 1185 1013; x_wconf 83' lang='lat' dir='ltr'><strong>Suid.</strong></span> <span class='ocrx_word' id='word_1_83' title='bbox 1217 973 1256 1012; x_wconf 92' lang='lat'><strong>11</strong></span> <span class='ocrx_word' id='word_1_84' title='bbox 1284 985 1326 1025; x_wconf 88' lang='lat' dir='ltr'><strong>p.</strong></span> <span class='ocrx_word' id='word_1_85' title='bbox 1354 973 1437 1012; x_wconf 86' lang='grc'><strong>590</strong></span> <span class='ocrx_word' id='word_1_86' title='bbox 1488 969 1674 1030; x_wconf 59' lang='lat' dir='ltr'><strong>Tuam}-</strong></span> 
     </span>
     <span class='ocr_line' id='line_1_12' title="bbox 218 1051 1674 1103; baseline 0.001 -13"><span class='ocrx_word' id='word_1_87' title='bbox 218 1064 368 1101; x_wconf 83' lang='grc' dir='ltr'><em>παισι,</em></span> <span class='ocrx_word' id='word_1_88' title='bbox 407 1052 601 1091; x_wconf 87' lang='lat' dir='ltr'><strong>seductus</strong></span> <span class='ocrx_word' id='word_1_89' title='bbox 638 1052 812 1091; x_wconf 87' lang='lat' dir='ltr'><strong>Meursii</strong></span> <span class='ocrx_word' id='word_1_90' title='bbox 852 1063 991 1090; x_wconf 86' lang='lat' dir='ltr'><strong>errore</strong></span> <span class='ocrx_word' id='word_1_91' title='bbox 1021 1051 1125 1090; x_wconf 82' lang='lat' dir='ltr'><strong>Bibl.</strong></span> <span class='ocrx_word' id='word_1_92' title='bbox 1154 1051 1238 1090; x_wconf 86' lang='lat' dir='ltr'><strong>Att.</strong></span> <span class='ocrx_word' id='word_1_93' title='bbox 1275 1063 1316 1102; x_wconf 88' lang='lat' dir='ltr'><strong>p.</strong></span> <span class='ocrx_word' id='word_1_94' title='bbox 1346 1051 1476 1099; x_wconf 80' lang='lat'>1573,</span> <span class='ocrx_word' id='word_1_95' title='bbox 1519 1053 1586 1103; x_wconf 89' lang='lat' dir='ltr'><strong>qui</strong></span> <span class='ocrx_word' id='word_1_96' title='bbox 1625 1064 1674 1091; x_wconf 86' lang='lat' dir='ltr'><strong>ex</strong></span> 
     </span>
     <span class='ocr_line' id='line_1_13' title="bbox 219 1126 1673 1181; baseline -0.001 -11"><span class='ocrx_word' id='word_1_97' title='bbox 219 1130 388 1181; x_wconf 84' lang='lat' dir='ltr'><strong>Aspasio</strong></span> <span class='ocrx_word' id='word_1_98' title='bbox 420 1130 470 1167; x_wconf 86' lang='lat' dir='ltr'><strong>ad</strong></span> <span class='ocrx_word' id='word_1_99' title='bbox 499 1130 729 1169; x_wconf 84' lang='lat' dir='ltr'><strong>Aristotelis</strong></span> <span class='ocrx_word' id='word_1_100' title='bbox 759 1127 1137 1168; x_wconf 79' lang='lat' dir='ltr'><strong>Eth.Nic0m.1V2</strong></span> <span class='ocrx_word' id='word_1_101' title='bbox 1166 1126 1328 1166; x_wconf 86' lang='lat' dir='ltr'><strong>fabulae</strong></span> <span class='ocrx_word' id='word_1_102' title='bbox 1357 1128 1516 1168; x_wconf 75' lang='lat' dir='ltr'><strong>tltulum</strong></span> <span class='ocrx_word' id='word_1_103' title='bbox 1547 1129 1673 1169; x_wconf 82' lang='lat' dir='ltr'><strong>fuisse</strong></span> 
     </span>
     <span class='ocr_line' id='line_1_14' title="bbox 220 1200 1674 1259; baseline -0.001 -14"><span class='ocrx_word' id='word_1_104' title='bbox 220 1206 396 1245; x_wconf 84' lang='lat' dir='ltr'><strong>credidit</strong></span> <span class='ocrx_word' id='word_1_105' title='bbox 433 1200 761 1250; x_wconf 71' lang='grc' dir='ltr'><em>Τιτανόπαιόες.</em></span> <span class='ocrx_word' id='word_1_106' title='bbox 836 1204 920 1244; x_wconf 86' lang='lat' dir='ltr'><strong>Sed</strong></span> <span class='ocrx_word' id='word_1_107' title='bbox 955 1205 1020 1243; x_wconf 89' lang='lat' dir='ltr'><strong>hic</strong></span> <span class='ocrx_word' id='word_1_108' title='bbox 1057 1205 1178 1243; x_wconf 90' lang='lat' dir='ltr'><strong>etiam</strong></span> <span class='ocrx_word' id='word_1_109' title='bbox 1217 1206 1474 1245; x_wconf 86' lang='lat' dir='ltr'><strong>scribendum</strong></span> <span class='ocrx_word' id='word_1_110' title='bbox 1504 1201 1674 1259; x_wconf 79' lang='grc' dir='ltr'><em>Μυρτί-</em></span> 
     </span>
     <span class='ocr_line' id='line_1_15' title="bbox 219 1278 1673 1336; baseline -0.001 -14"><span class='ocrx_word' id='word_1_111' title='bbox 219 1282 294 1331; x_wconf 80' lang='grc' dir='ltr'><strong>λος</strong></span> <span class='ocrx_word' id='word_1_112' title='bbox 330 1282 443 1332; x_wconf 82' lang='lat' dir='ltr'><strong>(non</strong></span> <span class='ocrx_word' id='word_1_113' title='bbox 473 1280 715 1336; x_wconf 78' lang='grc' dir='ltr'><em>Μυρτῖλος,</em></span> <span class='ocrx_word' id='word_1_114' title='bbox 759 1283 868 1334; x_wconf 88' lang='lat' dir='ltr'><strong>quod</strong></span> <span class='ocrx_word' id='word_1_115' title='bbox 898 1283 1018 1321; x_wconf 90' lang='lat' dir='ltr'><strong>etiam</strong></span> <span class='ocrx_word' id='word_1_116' title='bbox 1047 1282 1192 1321; x_wconf 83' lang='lat' dir='ltr'><strong>Suidas</strong></span> <span class='ocrx_word' id='word_1_117' title='bbox 1217 1282 1367 1332; x_wconf 85' lang='lat' dir='ltr'><strong>habet)</strong></span> <span class='ocrx_word' id='word_1_118' title='bbox 1406 1279 1453 1320; x_wconf 79' lang='grc' dir='ltr'><strong>ἐν</strong></span> <span class='ocrx_word' id='word_1_119' title='bbox 1486 1278 1673 1321; x_wconf 56' lang='lat' dir='ltr'><strong>Tammi-</strong></span> 
     </span>
     <span class='ocr_line' id='line_1_16' title="bbox 220 1360 1673 1412; baseline -0.001 -11"><span class='ocrx_word' id='word_1_120' title='bbox 220 1373 344 1401; x_wconf 86' lang='grc' dir='ltr'><strong><em>πασι.</em></strong></span> <span class='ocrx_word' id='word_1_121' title='bbox 414 1361 460 1400; x_wconf 93' lang='lat' dir='ltr'><strong>In</strong></span> <span class='ocrx_word' id='word_1_122' title='bbox 491 1365 660 1399; x_wconf 85' lang='lat' dir='ltr'><strong>accentu</strong></span> <span class='ocrx_word' id='word_1_123' title='bbox 690 1364 833 1412; x_wconf 85' lang='lat' dir='ltr'><strong>peccat</strong></span> <span class='ocrx_word' id='word_1_124' title='bbox 861 1373 943 1399; x_wconf 89' lang='lat' dir='ltr'><strong>non</strong></span> <span class='ocrx_word' id='word_1_125' title='bbox 973 1360 1158 1400; x_wconf 85' lang='lat' dir='ltr'><strong>Eudocia</strong></span> <span class='ocrx_word' id='word_1_126' title='bbox 1186 1363 1341 1398; x_wconf 88' lang='lat' dir='ltr'><strong>tantum</strong></span> <span class='ocrx_word' id='word_1_127' title='bbox 1370 1371 1412 1411; x_wconf 87' lang='lat' dir='ltr'><strong>p.</strong></span> <span class='ocrx_word' id='word_1_128' title='bbox 1442 1360 1539 1408; x_wconf 76' lang='lat'>304,</span> <span class='ocrx_word' id='word_1_129' title='bbox 1569 1372 1673 1411; x_wconf 84' lang='lat' dir='ltr'><strong>quae</strong></span> 
     </span>
     <span class='ocr_line' id='line_1_17' title="bbox 219 1432 1672 1490; baseline -0.002 -11"><span class='ocrx_word' id='word_1_130' title='bbox 219 1440 345 1479; x_wconf 84' lang='lat' dir='ltr'><strong>habet</strong></span> <span class='ocrx_word' id='word_1_131' title='bbox 391 1432 704 1484; x_wconf 70' lang='grc' dir='ltr'><em>Τιτανοπάνες,</em></span> <span class='ocrx_word' id='word_1_132' title='bbox 740 1438 821 1477; x_wconf 69' lang='lat' dir='ltr'><strong>sed</strong></span> <span class='ocrx_word' id='word_1_133' title='bbox 858 1439 979 1477; x_wconf 87' lang='lat' dir='ltr'><strong>etiam</strong></span> <span class='ocrx_word' id='word_1_134' title='bbox 1015 1437 1184 1485; x_wconf 90' lang='lat' dir='ltr'><strong>Suidas,</strong></span> <span class='ocrx_word' id='word_1_135' title='bbox 1219 1438 1326 1490; x_wconf 88' lang='lat' dir='ltr'><strong>apud</strong></span> <span class='ocrx_word' id='word_1_136' title='bbox 1361 1450 1481 1488; x_wconf 86' lang='lat' dir='ltr'><strong>quem</strong></span> <span class='ocrx_word' id='word_1_137' title='bbox 1521 1437 1672 1489; x_wconf 85' lang='lat' dir='ltr'><strong>legitur</strong></span> 
     </span>
     <span class='ocr_line' id='line_1_18' title="bbox 229 1511 1672 1567; baseline 0 -13"><span class='ocrx_word' id='word_1_138' title='bbox 229 1511 535 1561; x_wconf 78' lang='grc' dir='ltr'><em>Τιτανοπᾶνες.</em></span> <span class='ocrx_word' id='word_1_139' title='bbox 595 1516 890 1555; x_wconf 83' lang='lat' dir='ltr'><strong>Grammaticus</strong></span> <span class='ocrx_word' id='word_1_140' title='bbox 919 1515 1027 1567; x_wconf 87' lang='lat' dir='ltr'><strong>apud</strong></span> <span class='ocrx_word' id='word_1_141' title='bbox 1055 1515 1285 1554; x_wconf 84' lang='lat' dir='ltr'><strong>Bekkerum</strong></span> <span class='ocrx_word' id='word_1_142' title='bbox 1313 1514 1466 1556; x_wconf 89' lang='lat' dir='ltr'><strong>Anecd.</strong></span> <span class='ocrx_word' id='word_1_143' title='bbox 1495 1527 1536 1567; x_wconf 87' lang='lat' dir='ltr'><strong>p.</strong></span> <span class='ocrx_word' id='word_1_144' title='bbox 1563 1515 1672 1554; x_wconf 87' lang='lat'>1198</span> 
     </span>
     <span class='ocr_line' id='line_1_19' title="bbox 221 1580 1672 1646; baseline -0.001 -14"><span class='ocrx_word' id='word_1_145' title='bbox 221 1589 276 1632; x_wconf 83' lang='grc' dir='ltr'><strong>τὰ</strong></span> <span class='ocrx_word' id='word_1_146' title='bbox 305 1586 365 1639; x_wconf 76' lang='grc' dir='ltr'><strong>εἷς</strong></span> <span class='ocrx_word' id='word_1_147' title='bbox 393 1603 449 1630; x_wconf 88' lang='grc' dir='ltr'><strong>αν</strong></span> <span class='ocrx_word' id='word_1_148' title='bbox 477 1586 665 1642; x_wconf 73' lang='grc' dir='ltr'><em>λήγοντα</em></span> <span class='ocrx_word' id='word_1_149' title='bbox 693 1585 734 1629; x_wconf 69' lang='grc' dir='ltr'><strong>εἰ</strong></span> <span class='ocrx_word' id='word_1_150' title='bbox 761 1615 811 1622; x_wconf 91' lang='lat'>—</span> <span class='ocrx_word' id='word_1_151' title='bbox 839 1580 922 1630; x_wconf 78' lang='grc' dir='ltr'><strong>ὦσι</strong></span> <span class='ocrx_word' id='word_1_152' title='bbox 951 1586 1170 1642; x_wconf 76' lang='grc' dir='ltr'><strong>σύνθετα,</strong></span> <span class='ocrx_word' id='word_1_153' title='bbox 1202 1587 1466 1646; x_wconf 77' lang='grc' dir='ltr'><em>βαρύνονται</em></span> <span class='ocrx_word' id='word_1_154' title='bbox 1493 1617 1548 1624; x_wconf 42' lang='grc'><strong>,-</strong></span> <span class='ocrx_word' id='word_1_155' title='bbox 1577 1582 1672 1630; x_wconf 77' lang='grc' dir='ltr'><em>οἷον</em></span> 
     </span>
     <span class='ocr_line' id='line_1_20' title="bbox 217 1662 1671 1723; baseline 0.001 -14"><span class='ocrx_word' id='word_1_156' title='bbox 217 1664 460 1723; x_wconf 78' lang='grc' dir='ltr'><em>Ἕρμόπαν,</em></span> <span class='ocrx_word' id='word_1_157' title='bbox 502 1663 722 1707; x_wconf 76' lang='grc' dir='ltr'><em>Ἀντίπαν</em></span> <span class='ocrx_word' id='word_1_158' title='bbox 751 1668 867 1717; x_wconf 79' lang='lat' dir='ltr'><strong>(sort.</strong></span> <span class='ocrx_word' id='word_1_159' title='bbox 896 1662 1135 1720; x_wconf 75' lang='grc' dir='ltr'><em>Αἰγίπαν),</em></span> <span class='ocrx_word' id='word_1_160' title='bbox 1169 1664 1438 1712; x_wconf 82' lang='grc' dir='ltr'><em>Τιτανόπαν.</em></span> <span class='ocrx_word' id='word_1_161' title='bbox 1497 1670 1671 1722; x_wconf 86' lang='lat' dir='ltr'><strong>Stepha-</strong></span> 
     </span>
     <span class='ocr_line' id='line_1_21' title="bbox 220 1739 1670 1800; baseline -0.001 -12"><span class='ocrx_word' id='word_1_162' title='bbox 220 1760 297 1789; x_wconf 86' lang='lat' dir='ltr'><strong>nus</strong></span> <span class='ocrx_word' id='word_1_163' title='bbox 327 1749 427 1799; x_wconf 79' lang='lat' dir='ltr'><strong>Byz.</strong></span> <span class='ocrx_word' id='word_1_164' title='bbox 458 1760 490 1786; x_wconf 89' lang='lat' dir='ltr'><strong>s.</strong></span> <span class='ocrx_word' id='word_1_165' title='bbox 519 1760 557 1787; x_wconf 79' lang='lat' dir='ltr'><strong>v.</strong></span> <span class='ocrx_word' id='word_1_166' title='bbox 584 1739 825 1798; x_wconf 78' lang='grc' dir='ltr'><strong>Ἀκαρνάν,</strong></span> <span class='ocrx_word' id='word_1_167' title='bbox 857 1742 906 1785; x_wconf 86' lang='grc' dir='ltr'><strong>τὸ</strong></span> <span class='ocrx_word' id='word_1_168' title='bbox 933 1741 1128 1796; x_wconf 75' lang='grc' dir='ltr'><em>ἐθνικὸν,</em></span> <span class='ocrx_word' id='word_1_169' title='bbox 1158 1742 1214 1793; x_wconf 76' lang='grc' dir='ltr'><strong>ὠς</strong></span> <span class='ocrx_word' id='word_1_170' title='bbox 1235 1741 1408 1796; x_wconf 83' lang='grc' dir='ltr'><em>Αἰνιάν,</em></span> <span class='ocrx_word' id='word_1_171' title='bbox 1435 1741 1670 1800; x_wconf 79' lang='grc' dir='ltr'><em>Ἀθαμάν,</em></span> 
     </span>
     <span class='ocr_line' id='line_1_22' title="bbox 221 1818 1671 1878; baseline 0.001 -14"><span class='ocrx_word' id='word_1_172' title='bbox 221 1818 376 1873; x_wconf 78' lang='grc' dir='ltr'><em>Λῐζάν,</em></span> <span class='ocrx_word' id='word_1_173' title='bbox 406 1819 528 1862; x_wconf 73' lang='grc' dir='ltr'><strong><em>ἁπλοῖ</em></strong></span> <span class='ocrx_word' id='word_1_174' title='bbox 558 1818 652 1877; x_wconf 76' lang='grc' dir='ltr'><em>γάρ.</em></span> <span class='ocrx_word' id='word_1_175' title='bbox 705 1819 754 1861; x_wconf 82' lang='grc' dir='ltr'><strong>τὸ</strong></span> <span class='ocrx_word' id='word_1_176' title='bbox 791 1820 1044 1863; x_wconf 75' lang='grc' dir='ltr'><em>Τιτανόπαν</em></span> <span class='ocrx_word' id='word_1_177' title='bbox 1073 1818 1303 1863; x_wconf 66' lang='grc' dir='ltr'><em>σύνθετον.</em></span> <span class='ocrx_word' id='word_1_178' title='bbox 1337 1826 1408 1876; x_wconf 77' lang='lat'><strong>⁴⁵)</strong></span> <span class='ocrx_word' id='word_1_179' title='bbox 1464 1826 1526 1865; x_wconf 88' lang='lat' dir='ltr'><strong>De</strong></span> <span class='ocrx_word' id='word_1_180' title='bbox 1550 1838 1671 1878; x_wconf 84' lang='lat' dir='ltr'><strong>argu-</strong></span> 
     </span>
     <span class='ocr_line' id='line_1_23' title="bbox 223 1901 1670 1954; baseline -0.001 -11"><span class='ocrx_word' id='word_1_181' title='bbox 223 1907 360 1943; x_wconf 83' lang='lat' dir='ltr'><strong>mento</strong></span> <span class='ocrx_word' id='word_1_182' title='bbox 399 1914 448 1940; x_wconf 82' lang='lat' dir='ltr'><strong>ex</strong></span> <span class='ocrx_word' id='word_1_183' title='bbox 476 1903 615 1953; x_wconf 80' lang='lat' dir='ltr'><strong>paucis</strong></span> <span class='ocrx_word' id='word_1_184' title='bbox 652 1902 892 1954; x_wconf 82' lang='lat' dir='ltr'><strong>fragmentis</strong></span> <span class='ocrx_word' id='word_1_185' title='bbox 926 1902 1029 1941; x_wconf 86' lang='lat' dir='ltr'><strong>nihil</strong></span> <span class='ocrx_word' id='word_1_186' title='bbox 1059 1901 1151 1941; x_wconf 88' lang='lat' dir='ltr'><strong>elici</strong></span> <span class='ocrx_word' id='word_1_187' title='bbox 1178 1905 1334 1953; x_wconf 87' lang='lat' dir='ltr'><strong>potest,</strong></span> <span class='ocrx_word' id='word_1_188' title='bbox 1369 1902 1448 1941; x_wconf 88' lang='lat' dir='ltr'><strong>nisi</strong></span> <span class='ocrx_word' id='word_1_189' title='bbox 1482 1902 1590 1943; x_wconf 78' lang='lat' dir='ltr'><strong>forte</strong></span> <span class='ocrx_word' id='word_1_190' title='bbox 1620 1916 1670 1942; x_wconf 83' lang='lat' dir='ltr'><strong>ex</strong></span> 
     </span>
     <span class='ocr_line' id='line_1_24' title="bbox 219 1978 1670 2031; baseline 0.001 -13"><span class='ocrx_word' id='word_1_191' title='bbox 219 1981 309 2031; x_wconf 87' lang='lat' dir='ltr'><strong>ipso</strong></span> <span class='ocrx_word' id='word_1_192' title='bbox 339 1979 458 2017; x_wconf 88' lang='lat' dir='ltr'><strong>titulo</strong></span> <span class='ocrx_word' id='word_1_193' title='bbox 489 1980 731 2031; x_wconf 85' lang='lat' dir='ltr'><strong>suspiceris,</strong></span> <span class='ocrx_word' id='word_1_194' title='bbox 761 1979 898 2018; x_wconf 88' lang='lat' dir='ltr'><strong>risisse</strong></span> <span class='ocrx_word' id='word_1_195' title='bbox 927 1982 1088 2031; x_wconf 85' lang='lat' dir='ltr'><strong>poetam</strong></span> <span class='ocrx_word' id='word_1_196' title='bbox 1117 1979 1195 2018; x_wconf 91' lang='lat' dir='ltr'><strong>hac</strong></span> <span class='ocrx_word' id='word_1_197' title='bbox 1222 1978 1360 2019; x_wconf 77' lang='lat' dir='ltr'><strong>fabula</strong></span> <span class='ocrx_word' id='word_1_198' title='bbox 1387 1980 1670 2020; x_wconf 85' lang='lat' dir='ltr'><strong>increbescen-</strong></span> 
     </span>
     <span class='ocr_line' id='line_1_25' title="bbox 222 2055 1668 2108; baseline -0.001 -11"><span class='ocrx_word' id='word_1_199' title='bbox 222 2059 306 2097; x_wconf 81' lang='lat' dir='ltr'><strong>tem</strong></span> <span class='ocrx_word' id='word_1_200' title='bbox 334 2057 414 2095; x_wconf 80' lang='lat' dir='ltr'><strong>iuis</strong></span> <span class='ocrx_word' id='word_1_201' title='bbox 445 2057 694 2107; x_wconf 79' lang='lat' dir='ltr'><strong>temporibus</strong></span> <span class='ocrx_word' id='word_1_202' title='bbox 723 2057 1072 2105; x_wconf 83' lang='lat' dir='ltr'><strong>consuetudinem,</strong></span> <span class='ocrx_word' id='word_1_203' title='bbox 1102 2069 1179 2108; x_wconf 86' lang='lat' dir='ltr'><strong>qua</strong></span> <span class='ocrx_word' id='word_1_204' title='bbox 1210 2057 1368 2096; x_wconf 80' lang='lat' dir='ltr'><strong>diversa</strong></span> <span class='ocrx_word' id='word_1_205' title='bbox 1395 2055 1564 2096; x_wconf 87' lang='lat' dir='ltr'><strong>deorum</strong></span> <span class='ocrx_word' id='word_1_206' title='bbox 1593 2069 1668 2096; x_wconf 90' lang='lat' dir='ltr'><strong>nu-</strong></span> 
     </span>
     <span class='ocr_line' id='line_1_26' title="bbox 223 2133 1668 2187; baseline 0.001 -14"><span class='ocrx_word' id='word_1_207' title='bbox 223 2134 332 2173; x_wconf 88' lang='lat' dir='ltr'><strong>mina</strong></span> <span class='ocrx_word' id='word_1_208' title='bbox 360 2135 402 2172; x_wconf 88' lang='lat' dir='ltr'><strong>in</strong></span> <span class='ocrx_word' id='word_1_209' title='bbox 430 2145 557 2171; x_wconf 91' lang='lat' dir='ltr'><strong>unum</strong></span> <span class='ocrx_word' id='word_1_210' title='bbox 586 2145 735 2174; x_wconf 88' lang='lat' dir='ltr'><strong>nomen</strong></span> <span class='ocrx_word' id='word_1_211' title='bbox 765 2135 1071 2187; x_wconf 88' lang='lat' dir='ltr'><strong>coniungerent,</strong></span> <span class='ocrx_word' id='word_1_212' title='bbox 1102 2134 1216 2173; x_wconf 90' lang='lat' dir='ltr'><strong>cui-us</strong></span> <span class='ocrx_word' id='word_1_213' title='bbox 1245 2135 1406 2186; x_wconf 85' lang='lat' dir='ltr'><strong>generis</strong></span> <span class='ocrx_word' id='word_1_214' title='bbox 1434 2133 1554 2174; x_wconf 82' lang='lat' dir='ltr'><strong>fuere</strong></span> <span class='ocrx_word' id='word_1_215' title='bbox 1583 2135 1668 2174; x_wconf 86' lang='lat' dir='ltr'><strong>Pa-</strong></span> 
     </span>
     <span class='ocr_line' id='line_1_27' title="bbox 223 2210 1667 2263; baseline 0 -12"><span class='ocrx_word' id='word_1_216' title='bbox 223 2211 386 2263; x_wconf 90' lang='lat' dir='ltr'><strong>napollo</strong></span> <span class='ocrx_word' id='word_1_217' title='bbox 416 2210 655 2262; x_wconf 85' lang='lat' dir='ltr'><strong>Hermopan</strong></span> <span class='ocrx_word' id='word_1_218' title='bbox 683 2211 966 2251; x_wconf 85' lang='lat' dir='ltr'><strong>Hermathene</strong></span> <span class='ocrx_word' id='word_1_219' title='bbox 995 2213 1264 2251; x_wconf 79' lang='lat' dir='ltr'><strong>Hermerotes</strong></span> <span class='ocrx_word' id='word_1_220' title='bbox 1293 2212 1383 2251; x_wconf 83' lang='lat' dir='ltr'><strong>alia.</strong></span> <span class='ocrx_word' id='word_1_221' title='bbox 1450 2212 1518 2251; x_wconf 88' lang='lat' dir='ltr'><strong>Sic</strong></span> <span class='ocrx_word' id='word_1_222' title='bbox 1546 2212 1667 2251; x_wconf 83' lang='lat' dir='ltr'><strong>etiam</strong></span> 
     </span>
    </p>
   </div>
   <div class='ocr_carea' id='block_1_3' title="bbox 222 2288 1693 2346">
    <p class='ocr_par' dir='ltr' id='par_1_3' title="bbox 222 2288 1693 2346">
     <span class='ocr_line' id='line_1_28' title="bbox 222 2288 1693 2346; baseline -0.001 -17"><span class='ocrx_word' id='word_1_223' title='bbox 222 2290 470 2340; x_wconf 79' lang='lat' dir='ltr'><strong>Titanopan,</strong></span> <span class='ocrx_word' id='word_1_224' title='bbox 509 2288 618 2338; x_wconf 86' lang='lat' dir='ltr'><strong>quod</strong></span> <span class='ocrx_word' id='word_1_225' title='bbox 653 2302 801 2329; x_wconf 89' lang='lat' dir='ltr'><strong>nomen</strong></span> <span class='ocrx_word' id='word_1_226' title='bbox 830 2303 912 2329; x_wconf 92' lang='lat' dir='ltr'><strong>non</strong></span> <span class='ocrx_word' id='word_1_227' title='bbox 941 2290 1046 2328; x_wconf 83' lang='lat' dir='ltr'><strong>male</strong></span> <span class='ocrx_word' id='word_1_228' title='bbox 1073 2289 1388 2346; x_wconf 68' lang='lat' dir='ltr'><strong>Berckeliusad</strong></span> <span class='ocrx_word' id='word_1_229' title='bbox 1415 2288 1693 2339; x_wconf 39' lang='lat' dir='ltr'><strong>Stephanum»</strong></span> 
     </span>
    </p>
   </div>
   <div class='ocr_carea' id='block_1_4' title="bbox 221 2366 1666 2497">
    <p class='ocr_par' dir='ltr' id='par_1_4' title="bbox 221 2366 1666 2497">
     <span class='ocr_line' id='line_1_29' title="bbox 221 2366 1665 2417; baseline -0.002 -11"><span class='ocrx_word' id='word_1_230' title='bbox 221 2366 319 2417; x_wconf 75' lang='lat' dir='ltr'><strong>Byz.</strong></span> <span class='ocrx_word' id='word_1_231' title='bbox 349 2378 390 2417; x_wconf 78' lang='grc' dir='ltr'><strong>Ρ.</strong></span> <span class='ocrx_word' id='word_1_232' title='bbox 420 2366 476 2405; x_wconf 69' lang='lat'><strong>74</strong></span> <span class='ocrx_word' id='word_1_233' title='bbox 513 2366 564 2404; x_wconf 85' lang='lat' dir='ltr'><strong>de</strong></span> <span class='ocrx_word' id='word_1_234' title='bbox 593 2366 808 2406; x_wconf 85' lang='lat' dir='ltr'><strong>coniuncto</strong></span> <span class='ocrx_word' id='word_1_235' title='bbox 839 2368 959 2407; x_wconf 86' lang='lat' dir='ltr'><strong>Panis</strong></span> <span class='ocrx_word' id='word_1_236' title='bbox 989 2366 1178 2417; x_wconf 87' lang='lat' dir='ltr'><strong>Solisque</strong></span> <span class='ocrx_word' id='word_1_237' title='bbox 1214 2367 1380 2405; x_wconf 87' lang='lat' dir='ltr'><strong>numine</strong></span> <span class='ocrx_word' id='word_1_238' title='bbox 1406 2366 1665 2416; x_wconf 83' lang='lat' dir='ltr'><strong>interpretari</strong></span> 
     </span>
     <span class='ocr_line' id='line_1_30' title="bbox 222 2437 1666 2497; baseline -0.001 -17"><span class='ocrx_word' id='word_1_239' title='bbox 222 2442 395 2482; x_wconf 71' lang='lat' dir='ltr'><strong>videtur.</strong></span> <span class='ocrx_word' id='word_1_240' title='bbox 426 2442 595 2483; x_wconf 82' lang='lat' dir='ltr'><strong>Rectius</strong></span> <span class='ocrx_word' id='word_1_241' title='bbox 624 2447 759 2484; x_wconf 81' lang='lat' dir='ltr'><strong>tamen</strong></span> <span class='ocrx_word' id='word_1_242' title='bbox 788 2446 1070 2497; x_wconf 82' lang='lat' dir='ltr'><strong>argumentum</strong></span> <span class='ocrx_word' id='word_1_243' title='bbox 1097 2442 1263 2483; x_wconf 79' lang='lat' dir='ltr'><strong>fabulae</strong></span> <span class='ocrx_word' id='word_1_244' title='bbox 1290 2444 1342 2482; x_wconf 81' lang='lat' dir='ltr'><strong>ad</strong></span> <span class='ocrx_word' id='word_1_245' title='bbox 1370 2437 1666 2495; x_wconf 66' lang='grc' dir='ltr'><strong><em>παιδεραστάς</em></strong></span> 
     </span>
    </p>
   </div>
   <div class='ocr_carea' id='block_1_5' title="bbox 223 2550 483 2560">
    <p class='ocr_par' dir='ltr' id='par_1_5' title="bbox 223 2550 483 2560">
     <span class='ocr_line' id='line_1_31' title="bbox 223 2550 483 2560; baseline 0 630"><span class='ocrx_word' id='word_1_246' title='bbox 223 2550 483 2560; x_wconf 95' lang='lat' dir='ltr'><strong> </strong></span> 
     </span>
    </p>
   </div>
   <div class='ocr_carea' id='block_1_6' title="bbox 278 2595 1686 2678">
    <p class='ocr_par' dir='ltr' id='par_1_6' title="bbox 278 2595 1686 2678">
     <span class='ocr_line' id='line_1_32' title="bbox 278 2595 1686 2678; baseline 0 -16"><span class='ocrx_word' id='word_1_247' title='bbox 278 2623 353 2673; x_wconf 76' lang='lat'><strong>⁴³)</strong></span> <span class='ocrx_word' id='word_1_248' title='bbox 381 2623 496 2662; x_wconf 82' lang='lat' dir='ltr'><strong>Haec</strong></span> <span class='ocrx_word' id='word_1_249' title='bbox 524 2637 632 2663; x_wconf 86' lang='lat' dir='ltr'><strong>nunc</strong></span> <span class='ocrx_word' id='word_1_250' title='bbox 660 2595 844 2675; x_wconf 78' lang='lat' dir='ltr'><strong>pluribus</strong></span> <span class='ocrx_word' id='word_1_251' title='bbox 872 2627 1142 2678; x_wconf 80' lang='lat' dir='ltr'><strong>persequutus</strong></span> <span class='ocrx_word' id='word_1_252' title='bbox 1181 2628 1243 2665; x_wconf 75' lang='lat' dir='ltr'><strong>est</strong></span> <span class='ocrx_word' id='word_1_253' title='bbox 1271 2622 1500 2663; x_wconf 78' lang='lat' dir='ltr'><strong>Lobeckius</strong></span> <span class='ocrx_word' id='word_1_254' title='bbox 1528 2622 1660 2663; x_wconf 78' lang='lat' dir='ltr'><strong>Paral.</strong></span> <span class='ocrx_word' id='word_1_255' title='bbox 1683 2658 1686 2662; x_wconf 89' lang='lat'>.</span> 
     </span>
    </p>
   </div>
   <div class='ocr_carea' id='block_1_7' title="bbox 325 2679 747 2731">
    <p class='ocr_par' dir='ltr' id='par_1_7' title="bbox 325 2679 747 2731">
     <span class='ocr_line' id='line_1_33' title="bbox 325 2679 747 2731; baseline 0.007 -16"><span class='ocrx_word' id='word_1_256' title='bbox 325 2691 496 2728; x_wconf 78' lang='lat' dir='ltr'><strong>gramm.</strong></span> <span class='ocrx_word' id='word_1_257' title='bbox 529 2679 546 2718; x_wconf 93' lang='lat'><em>1</em></span> <span class='ocrx_word' id='word_1_258' title='bbox 575 2693 616 2731; x_wconf 83' lang='lat' dir='ltr'><strong>p.</strong></span> <span class='ocrx_word' id='word_1_259' title='bbox 648 2680 747 2719; x_wconf 82' lang='grc'><strong>190.</strong></span> 
     </span>
    </p>
   </div>
  </div>
 </body>
</html>
