1702 3190
210 190 267 232 44
821 194 1032 223 cmi-mus.

210 298 390 342 fabulam
419 290 653 351 εειιιιῐπρὸςἸ
674 290 735 350 τῷ
762 291 873 334 τέλει
888 290 978 348 ,τοῦ
1007 287 1107 344 βίου
1137 290 1323 331 docuisse
1352 290 1478 338 dicat,
1506 269 1696 342 proba·¹'

208 377 293 418 bile
329 378 391 415 est
425 374 576 414 obiisse
614 376 778 426 poetam
818 375 1000 412 nostrum
1032 370 1193 422 Olymp.
1222 367 1446 416 LXXXIX,
1475 367 1655 416 2,„unde

209 453 429 492 conficitur
461 450 618 496 natales
655 451 743 489 eius
771 449 953 488 incidere
990 448 1031 486 in
1062 446 1223 498 Olymp.
1254 446 1378 495 LXV,
1409 446 1447 493 l,
1486 445 1655 496 fallique

208 529 465 570 Scholiasten
496 527 779 579 Aristophanis
816 528 890 567 Av.
932 524 1012 564 521
1060 524 1128 575 qui
1165 523 1374 563 Cratinum
1411 524 1453 562 in
1490 521 1655 561 Nemesi

206 596 347 646 fabula
381 605 504 656 longo
541 608 635 655 post
671 606 779 645 Aves
816 602 946 641 editas
985 603 1184 653 tempore,
1219 599 1261 639 h.
1299 612 1335 638 e.
1359 602 1454 651 post
1491 599 1661 650 Olymp.'

206 681 317 730 XCI,
346 682 386 731 1,
416 682 634 733 Lamponis
676 685 724 721 ut
758 681 839 720 vivi
883 680 1140 731 vigentisque
1175 677 1423 718 mentionem
1466 675 1654 716 iniecisse

209 759 371 807 scribit3
408 759 517 809 quod
553 758 815 797 falsissimum
852 769 942 796 esse
977 757 1044 795 vel
1082 769 1131 796 ex
1167 769 1215 795 eo
1245 755 1508 806 intelligitur,
1545 750 1672 803 quod*

208 835 399 876 Nemesis
434 835 572 874 fabula
606 839 700 886 post
728 835 900 873 Periclis
938 835 1094 874 obitum
1131 832 1269 873 doceri
1305 833 1371 872 vix
1398 831 1544 884 potuit.
1601 829 1654 870 V.

208 911 419 954 Plutarch.
449 911 583 951 Peric.
612 912 654 951 3.
705 913 896 951 Nostram
930 911 1128 951 rationem
1156 912 1246 964 ipse
1283 912 1404 950 etiam
1444 909 1658 949 confirmat

208 989 503 1042 Aristophanes
536 988 631 1029 Pac.
645 990 743 1039 7⁰0,
770 1002 873 1041 quae
901 988 1041 1028 fabula
1070 990 1231 1041 Olymp.
1249 987 1472 1035 LXXXIX,
1489 988 1515 1027 3
1545 999 1656 1026 com-

208 1067 331 1109 missa
369 1070 444 1106 est.
508 1065 556 1106 In
595 1066 703 1106 Pace
737 1066 863 1118 igitur
894 1066 1031 1104 fabula
1069 1066 1098 1106 l.
1126 1066 1154 1105 1.
1183 1065 1403 1105 sciscitanti
1430 1065 1656 1115 Mercurio,

209 1144 357 1194 ecquid
385 1156 523 1182 rerum
553 1143 741 1183 Cratinus
771 1145 877 1194 agat,
903 1142 1117 1195 Trygaeus
1144 1142 1388 1194 respondet:
1415 1135 1658 1191 dniffavw,

209 1211 286 1260 ὅθ’
317 1218 362 1259 οἱ
378 1215 580 1266 Λάκωνες
609 1216 827 1270 ἐνέβαλον,
845 1243 900 1251 --
920 1213 1189 1272 ώρακιάσας·
1220 1214 1272 1258 οὐ
1301 1215 1382 1272 γὰρ
1410 1217 1656 1272 ἐξηνέσχετο

206 1289 312 1335 ἰδών
340 1292 484 1336 πίθον
510 1291 839 1349 καταγνύμενον
864 1293 987 1335 οἴνου
1014 1293 1167 1337 πλέων.
1234 1299 1324 1348 Quo
1362 1298 1453 1336 loco
1483 1311 1566 1337 non
1593 1299 1656 1338 in-

204 1374 310 1414 iuria
338 1375 480 1425 quaeri
507 1378 653 1426 potest,
684 1387 898 1427 quamnam
928 1374 1036 1414 dicat
1063 1375 1355 1427 Aristophanes
1383 1375 1657 1416 Lacedaemo-

205 1452 369 1491 niorum
407 1452 695 1492 incursionem.
764 1454 977 1504 Anonymo
1015 1451 1067 1490 de
1098 1452 1212 1491 Com.
1241 1465 1282 1504 p.
1311 1453 1448 1493 XXIX
1485 1454 1656 1506 primam

204 1529 338 1577 inam,
377 1541 481 1580 quae
519 1530 716 1569 archonte
752 1514 990 1582 Pythodoro
1021 1529 1183 1583 Olymp.
1212 1530 1456 1578 Lxxxvu,
1485 1532 1509 1569 1
1547 1531 1658 1571 facta

210 1608 287 1654 est,
314 1605 565 1645 invasionem
601 1607 867 1659 intelligenti:
905 1605 1082 1662 τελευτᾷ
1118 1604 1165 1646 δὲ
1200 1603 1561 1660 Λακεδαιμονίων
1599 1602 1660 1655 εἰς

210 1679 293 1732 τὴν
323 1678 538 1731 Ἀττικὴν
564 1676 859 1734 εἰσβαλόντων
885 1681 936 1723 τὸ
966 1683 1154 1739 πρῶτον,
1188 1677 1246 1732 ὥς
1275 1695 1412 1738 φησιν
1449 1679 1656 1740 Ἀριστο-

208 1755 373 1814 φάνης,
410 1761 533 1801 huius
570 1762 696 1812 igitur
731 1762 913 1814 opinioni
949 1758 1180 1813 temporum
1216 1764 1395 1802 rationes
1428 1764 1549 1815 plane
1585 1763 1657 1803 ad-

205 1843 442 1886 versantur3
479 1851 613 1891 neque
640 1839 909 1890 reliquarum,
946 1851 1045 1891 quas
1073 1840 1384 1881 Lacedaemonii
1409 1843 1450 1881 in
1480 1842 1656 1882 Atticam

206 1915 369 1964 fecere,
398 1916 711 1967 impressionum
741 1917 958 1969 (Thucyd.
989 1918 1108 1966 11‚47
1139 1919 1284 1968 111‚-26
1314 1919 1383 1968 1V,
1401 1921 1427 1959 2
1457 1920 1548 1968 VII,
1572 1919 1655 1970 19)
1692 1899 1697 1920 r

206 1995 292 2035 ulla
322 1998 400 2042 est,
430 2006 534 2045 quae
563 2006 654 2033 cum
673 1994 947 2046 Aristophane
976 1995 1182 2035 conciliari
1208 1998 1350 2048 possit.
1407 1998 1549 2048 Itaque
1578 1996 1656 2036 nisi

206 2070 317 2110 forte
345 2071 556 2111 Brasidam
583 2072 627 2111 in
649 2073 797 2112 Nisaea
824 2074 1104 2126 recuperanda
1133 2066 1462 2126 occupatumffi)
1493 2074 1655 2126 Olymp.

207 2148 434 2198 LXXXIX,
464 2149 488 2188 1
527 2150 729 2191 exercitus
756 2154 915 2204 partem
943 2152 1102 2194 misisse
1130 2154 1302 2201 statuas,
1332 2151 1401 2204 qui
1428 2150 1655 2193 Athenien-

242 2349 312 2402 Μ)
342 2350 435 2390 Vid.
466 2348 653 2402 Thucyd.
684 2353 755 2402 IV,
785 2355 840 2393 20
867 2366 953 2405 sqq.
986 2356 1027 2392 et
1054 2351 1221 2393 Diodor.
1252 2352 1331 2392 Sic.
1360 2350 1454 2399 XII,
1476 2322 1550 2401 ¹67,
1584 2352 1656 2391 ubi

314 2417 422 2468 quae
452 2405 504 2444 de
531 2407 702 2448 Brasida
706 2410 922 2470 leguntur
960 2409 1104 2448 verba:
1139 2402 1520 2469 καταπληξάμενος
1558 2403 1657 2453 τοὺς

314 2454 610 2514 Ἀθηναίους,
639 2460 818 2511 τούτους
845 2465 925 2515 μὲν
951 2462 1151 2527 ἐξέβαλὲν
1176 2462 1221 2503 ἐκ
1249 2458 1544 2511 τῆςΝισαίας,
1575 2458 1657 2510 τὴν

319 2511 366 2552 δὲ
395 2512 522 2554 πόλιν
549 2544 605 2553 -
634 2514 984 2568 ἀποκατέστησεν
1009 2515 1070 2566 εἰς
1096 2516 1177 2567 τὴν
1199 2517 1286 2557 τῶν
1299 2513 1658 2570 Λακεδαιμονίων

320 2581 585 2623 συμμαχιαν,
623 2577 727 2615 haec
765 2577 890 2629 igitur
931 2589 1065 2627 neque
1102 2587 1194 2614 cum
1232 2575 1476 2627 Thucydide
1519 2587 1656 2626 neque

319 2638 412 2665 cum
440 2627 528 2678 ipso
558 2631 660 2671 adeo
689 2633 869 2672 Diodoro
900 2631 1105 2671 conciliari
1140 2635 1322 2683 possunt.
1386 2630 1654 2672 Scribendum

318 2682 444 2736 igitur
470 2679 649 2734 τούτους
674 2689 754 2740 μὲν
781 2683 859 2727 οὐκ
884 2684 1096 2739 ἐξέβαλεν.
