1702 3190
620 138 970 185 PRAEFAva
1474 137 1534 185 IX

59 255 403 321 magnanimo
434 269 554 303 vero
587 251 806 302 maiorem
840 250 949 300 libri
966 254 1147 318 partem
1179 250 1376 301 iteratis>
1399 249 1529 302 curis

59 340 355 404 refingerem.
431 336 537 389 Sed
588 337 717 386 facta
760 335 938 385 infecta
985 333 1123 384 reddi
1166 351 1261 384 non
1302 340 1528 403 possunt:

58 424 136 475 cui
169 422 462 474 incommodo
496 426 782 487 utquantum
816 420 866 470 in
899 436 973 470 me
1001 419 1204 487 positum
1238 427 1375 470 esset
1408 421 1527 470 sub-

58 510 296 570 venirem,
339 507 658 575 appendicem
683 504 930 577 additurus
975 519 1129 567 eram,
1178 503 1227 553 in
1272 522 1363 569 qua
1404 506 1530 555 falsa

58 593 370 658 corrigerem,
421 592 598 642 omissa
652 588 947 655 supplerem,
1002 587 1096 638 alia
1148 587 1209 639 de
1265 590 1432 656 quibus
1479 591 1527 640 in

56 682 510 743 utramquepartem
544 673 776 742 disputari
818 677 989 739 posset
1031 661 1366 725 retractarem-⁸
1423 674 1529 726 Sed

60 778 199 827 quum
278 761 333 813 iu
404 759 582 810 ceteris
649 757 984 811 voluminibus.¹
1043 775 1138 809 non
1205 759 1531 826 benigniorem

55 845 165 895 mihi
226 851 402 895 sortem
466 845 569 894 fore
623 842 925 910 praevideam
943 879 956 906 ,
1021 843 1242 910 optimum
1310 845 1528 909 arbitror,

0 917 1 920 Ἴ
54 946 118 980 ne
152 928 446 1000 „addenda”
489 934 630 994 atque
673 927 854 990 „etiam
889 926 1143 978 addenda”
1185 946 1274 996 per
1306 930 1528 996 singulas

42 1015 284 1081 'deinceps
317 1019 479 1081 partes
527 1030 642 1064 sese
684 1011 948 1080 excipiant,
991 1012 1215 1079 quidquid
1256 1014 1337 1064 vel
1371 1014 1527 1065 corri-

48 1099 261 1166 gendum
311 1098 393 1148 vel
439 1098 752 1164 supplendum
805 1097 1043 1147 videbitur
1082 1098 1128 1146 in
1165 1098 1345 1149 calcem
1381 1100 1528 1151 totius

46 1181 212 1251 'operis
247 1182 462 1233 reiicere.
491 1183 649 1242 Quam
685 1183 743 1231 ob
776 1198 968 1232 causam
1002 1182 1224 1247 angustis
1258 1200 1386 1234 nunc
1418 1185 1528 1250 qui-

51 1254 170 1318 dem·
192 1283 266 1317 me
300 1266 550 1317 continebo
580 1266 825 1328 terminiS,
844 1283 903 1317 ea
922 1271 1100 1316 tantum
1124 1266 1218 1318 hoc
1246 1267 1357 1318 loco
1391 1285 1526 1319 com-

34 1341 403 1446 ¹·men1oraturuS‚
438 1351 606 1416 quibus
632 1350 757 1417 quod
790 1358 1016 1418 superest
1042 1351 1237 1403 chartae
1258 1352 1387 1403 haud
1412 1354 1525 1404 inu-

38 1423 193 1489 ΐίΙίΐοέ
225 1436 407 1504 impleri
440 1450 589 1503 posse
622 1436 873 1486 videbitur.
1269 1453 1273 1458 ·

180 1530 386 1587 Primum
410 1537 554 1604 igitur
570 1538 820 1588 manifesto
845 1554 1008 1589 errore
1027 1538 1195 1606 lapsus
1219 1554 1324 1588 sum
1347 1554 1393 1605 p.
1381 1537 1524 1602 Alo,

32 1614 129 1673 ‘ubi
155 1621 365 1672 incertae
381 1622 742 1690 Aristophontis
777 1621 965 1673 fabulae
999 1624 1313 1688 fragmentum
1346 1639 1523 1674 serva-

50 1711 144 1759 tum
180 1722 294 1756 esse
330 1705 542 1756 dicebam
577 1726 604 1757 a
638 1707 928 1774 Theophilo.
962 1707 1208 1773 Sequutus
1252 1713 1349 1758 tum
1392 1725 1522 1759 eram

46 1777 111 1841 Η.
139 1777 302 1840 Grotii
336 1790 677 1852 coniecturam,
709 1791 787 1856 qui
819 1790 1088 1859 Excerptis
1122 1810 1169 1860 p.
1199 1791 1336 1842 1004
1370 1792 1520 1842 Ari-

30 1861 249 1926 stonis
284 1874 457 1924 nomini
493 1874 1005 1945 Aristophontem
1040 1874 1300 1927 substituit.
1345 1876 1519 1928 Theo-

28 1946 158 2028 “phili
190 1959 326 2009 locus
360 1959 408 2008 in
441 1959 561 2008 libro
594 1959 655 2008 ad
684 1959 976 2026 Autolycum
1001 1959 1077 2010 111
1110 1962 1267 2029 9296
1303 1962 1381 2014 hic
1414 1969 1519 2015 est:

27 2039 141 2101 ’περὶ
167 2044 249 2099 μὲν
275 2042 392 2086 θεοῦ
418 2042 495 2086 καὶ
525 2041 735 2103 προνοίας
759 2039 987 2101 Ἀρίστων
1015 2042 1129 2101 ἔφη·

242 2134 298 2178 Α.
336 2126 526 2191 Θάρσει·
556 2132 748 2187 βοηθεῖν
776 2133 888 2177 πᾶσι
916 2132 1000 2192 γὰρ
1029 2136 1120 2186 τοῖς
1146 2131 1288 2191 ἀξίοις

237 2206 401 2250 ,εἴωθεν
428 2204 453 2249 ὁ
482 2203 607 2260 θεός,
636 2209 725 2258 τοῖς
754 2207 800 2250 δὲ
831 2205 1047 2260 τοιούτοις
1076 2206 1269 2268 σφόδρα.

238 2276 280 2322 εἰ
303 2279 366 2335 μὴ
397 2281 615 2340 παρέσται
643 2279 854 2339 προεδρία
884 2297 950 2333 τις
978 2282 1160 2338 κειμένηῖ

237 2354 329 2403 τοῖς
355 2354 486 2406 ζῶσιν
511 2355 569 2407 ὡς
590 2355 674 2406 δεῖ,
707 2354 751 2398 τί
780 2356 915 2398 πλέον
946 2356 1067 2399 ἐστὶν
1095 2353 1313 2412 εὐσεβεῖνς

178 2429 208 2474 5
236 2426 295 2470 Β.
325 2426 393 2481 «εἴη
423 2426 506 2485 γὰρ
534 2424 691 2480 οὕτως·
724 2427 836 2475 ἀλλὰ
863 2431 939 2473 καὶ
967 2430 1070 2472 λίαν
1098 2427 1187 2489 ὁρῶ

203 2559 206 2561 q
240 2499 340 2559 τούς
368 2498 558 2559 εὐσεβῶς
584 2506 667 2558 μὲν
693 2502 922 2560 ἑλομένους
950 2500 1164 2558 διεξάγειν

233 2571 508 2632 πράττοντας
540 2572 735 2630 ἀτόπως,
766 2576 869 2629 τούς
901 2578 947 2621 δὲ
977 2577 1116 2634 μηδὲν
1145 2576 1290 2634 ἕτερον
1318 2574 1349 2635 ἢ

235 2649 286 2691 τὸ
316 2649 533 2709 λυσετελὲς
561 2640 637 2694 καὶ
663 2651 715 2694 τὸ
744 2648 844 2695 κατ’
875 2649 1037 2703 αὐτοὺς
1063 2648 1217 2707 μόνον,

233 2723 514 2782 ἐντιμοτέραν
543 2724 722 2782 ἐξςοντας
752 2724 875 2783 ἡμῶν
904 2726 1128 2770 ὃιάθέσιν.
