1702 3190
748 131 896 160 ηΔτο.
983 173 986 177 1
1461 116 1546 157 1⁰5

74 238 159 280 840
188 241 230 278 et
246 233 469 278 Bon-570.
500 233 607 274 Cum
634 230 915 284 Aristophane
946 230 1069 283 plane
1098 229 1291 271 convenit
1320 228 1548 272 Plutarcho

73 317 206 360 Alcib.
239 315 292 355 13
329 312 419 360 τοῖς
455 311 660 365 κωμικοῖς
695 305 809 364 ὁμοῦ
845 320 890 348 τι
929 305 1042 348 πᾶσι
1072 305 1307 363 διατριβὴν
1334 304 1405 349 ἀεὶ
1434 321 1544 350 σκω-

74 390 288 447 πτάμενος
323 390 370 435 ἐν
398 391 488 439 τοῖς
517 386 726 443 θεάτροις
763 387 989 441 παρεῖχεν,
1030 393 1075 427 et
1112 389 1306 428 Ciceroni
1335 390 1452 430 Brut.
1490 388 1546 429 62

74 473 342 529 ‹Hyperboli
369 472 676 524 improbitatem
706 471 870 508 veteres
896 467 1127 508 Atticorum
1158 466 1398 507 comoediae
1428 473 1546 509 nota-

73 558 270 595 verunt.»
331 551 418 592 Csr.
457 551 566 590 idem
598 549 650 588 de
688 545 868 598 Republ.
906 545 965 587 1V
994 546 1063 584 10.
1123 544 1207 583 Sed
1254 556 1355 596 prae
1396 549 1546 589 ceteris

73 634 190 674 illum
228 630 401 684 Eupolis
439 629 479 668 in
518 628 748 668 Maricante
789 625 953 678 Olymp.
985 622 1202 664 LXXXIX
1230 624 1259 663 4
1300 629 1405 675 acta,
1435 625 1547 668 Her-

73 712 235 763 mippus
264 711 305 750 in
336 707 591 754 Pistricibus‚
621 705 741 746 Plato
773 704 952 755 denique
981 704 1024 743 in
1056 715 1118 752 ea,
1149 702 1202 742 de
1227 716 1307 755 qua
1337 716 1432 744 cum
1461 717 1548 745 ma-

71 790 178 829 xime
206 789 377 840 agimus‚
406 785 548 825 fabula
574 787 839 825 vexaverunt.
909 783 973 822 Ea
1004 794 1084 834 quo
1113 785 1304 836 tempore
1335 787 1426 823 acta
1454 782 1547 824 fue-

70 868 125 907 rit
163 866 238 905 etsi
276 877 397 905 nemo
434 865 590 904 diserte
627 860 817 911 tradidit,
867 873 949 902 non
995 861 1171 901 multum
1209 864 1348 902 tamen
1386 876 1409 903 a
1446 876 1547 904 vero

71 945 338 994 aberraveris,
367 944 402 983 si
431 943 474 982 id
505 943 673 995 Olymp.
702 941 798 982 XCI
828 941 855 979 2
894 940 962 990 ¹²)
992 940 1151 980 factum
1182 940 1404 989 existimes,
1434 941 1477 982 h.
1510 955 1548 983 e.

73 1039 123 1066 eo
154 1030 341 1078 tempore
381 1034 462 1074 quo
502 1022 583 1060 iam
615 1019 882 1073 Hyperbolus
908 1020 1147 1059 ostracismo
1185 1001 1425 1061 inexilium
1454 1021 1549 1073 pul-

73 1118 143 1146 sus
174 1106 275 1143 erat.
333 1102 467 1142 Docet
494 1100 575 1140 hoc
605 1100 722 1140 locus
751 1112 775 1139 a
806 1097 1031 1139 Plutarcho
1063 1098 1154 1138 Nic.
1187 1098 1239 1138 11
1272 1102 1316 1138 et
1344 1100 1478 1140 Alcib.
1493 1100 1549 1140 13

72 1187 274 1236 servatus,
303 1194 425 1233 quem
458 1193 507 1220 ex
537 1177 782 1232 Hyperbolo
811 1177 990 1228 petitum
1021 1190 1114 1218 esse
1144 1190 1267 1218 nemo
1297 1178 1523 1221 dubitabit:

295 1254 460 1303 ,Καίτοι
489 1257 684 1311 πέπραχε
717 1253 803 1295 τῶν
833 1250 1008 1310 τρόπων
1035 1254 1117 1308 μὲν
1145 1251 1268 1308 ἄξια,

295 1334 433 1377 αὑτοῦ
462 1335 508 1377 δὲ
538 1335 615 1376 καὶ
643 1332 731 1375 τῶν
761 1330 1015 1389 στιγμάτων
1043 1330 1230 1386 ἀνάξια·

297 1412 351 1460 οὐ
379 1413 462 1472 γὰρ
494 1409 705 1456 τοιούτων
735 1405 870 1454 οὕνεκ’
904 1408 1079 1468 ὄστραχ’
1113 1409 1293 1469 εὑρέθη.

77 1497 233 1550 Quibus
261 1497 388 1552 iunge
415 1510 560 1538 versus
589 1508 716 1547 supra
754 1506 804 1535 ex
833 1494 1076 1534 Herodiano
1116 1494 1297 1543 allatoss
1328 1506 1431 1547 quos
1471 1489 1551 1534 nisi

76 1577 246 1616 absente
274 1576 516 1629 Iiyperbolo
548 1575 674 1615 scribi
702 1586 784 1614 non
814 1573 1002 1626 potuisse
1030 1571 1298 1613 manifestum
1329 1575 1405 1613 est.
1463 1573 1553 1613 Nec

76 1668 174 1694 vero
211 1658 306 1708 post
341 1659 518 1705 mortem
564 1655 731 1695 demum
771 1651 1005 1704 Hyperboli
1048 1650 1230 1693 fabulam
1268 1654 1400 1691 actam
1444 1665 1552 1701 esse,

77 1737 163 1773 tum
191 1734 271 1773 alia
298 1734 470 1782 docent,
501 1739 587 1773 tum
617 1746 716 1773 vero
746 1733 838 1784 ipse
874 1731 947 1770 ille
977 1743 1147 1770 versus:
1186 1725 1331 1769 καίτοι
1361 1727 1552 1784 πέπραχε

78 1809 165 1851 τῶν
201 1807 377 1867 τρόπων
412 1812 493 1865 μὲν
526 1807 645 1863 ἄξια.
720 1811 900 1862 Reliqua
937 1809 1170 1862 fragmenta
1206 1809 1406 1862 leguntur
1445 1809 1556 1862 apud

73 1891 246 1932 Suidun
275 1905 309 1933 s.
333 1904 372 1932 v.
400 1885 549 1944 εὔερον
578 1892 707 1943 (quae
738 1890 890 1930 omisso
920 1888 1090 1929 fabulae
1118 1889 1241 1928 titulo
1271 1888 1400 1928 habet
1430 1888 1555 1928 etiam

73 1970 221 2013 Schol.
258 1971 549 2023 Aristophanis
591 1971 668 2010 Av.
710 1969 822 2021 121)
861 1968 1133 2009 Scholiastam
1175 1968 1230 2007 ad
1265 1962 1554 2020 Aristophanis

82 2050 386 2103 Thesmophor.
422 2051 505 2090 808
536 2049 603 2089 cll.
633 2048 965 2102 Harpocratione
1001 2059 1034 2086 s.
1068 2060 1107 2086 v.
1135 2032 1388 2099 ἐπιλαχών.
1409 2047 1556 2087 Gram-

83 2130 278 2170 maticum
308 2129 488 2169 Bekkeri
508 2127 664 2169 Anecd.
694 2141 736 2180 p.
766 2127 850 2166 447
882 2130 925 2166 et
955 2125 1218 2166 Athenaeum
1250 2125 1290 2165 11
1318 2138 1362 2178 p.
1392 2125 1446 2165 56
1463 2123 1495 2164 f.

194 2209 258 2248 De
286 2208 538 2246 incertarum
567 2206 753 2246 Platonis
781 2204 1018 2245 fabularum
1046 2202 1290 2255 fragmentis
1319 2203 1458 2242 nullus
1487 2201 1557 2241 hic

0 2282 3 2357 Ξ
84 2285 250 2325 dicendi
286 2285 403 2325 locus
444 2289 520 2325 est.
602 2284 696 2325 Hoc
740 2295 868 2323 unum
915 2286 1054 2321 tamen
1102 2293 1430 2321 commemorare
1472 2293 1556 2321 non

150 2408 219 2456 ¹²)
248 2406 342 2445 Hoc
371 2411 571 2458 sequutus
613 2411 678 2445 est
708 2404 964 2445 Fritzschius
993 2404 1107 2443 Actis
1137 2403 1355 2444 Societatis
1384 2417 1560 2456 graecae

200 2461 219 2502 1
248 2475 289 2515 p.
321 2463 418 2510 137,
446 2467 570 2513 negat
600 2463 680 2502 Th.
712 2463 914 2514 Bergkius
943 2461 1053 2511 apud
1082 2460 1357 2500 Fritzschium
1389 2464 1558 2523 quaest:

201 2519 326 2558 Arist.
365 2519 383 2557 1
418 2532 459 2571 p.
497 2519 582 2558 322
620 2524 790 2571 propter
828 2517 1034 2570 Syracosii
1071 2516 1208 2568 legem
1246 2529 1344 2570 περι
1382 2529 1460 2556 του
1496 2513 1558 2567 μὴ

200 2571 420 2628 κωμῳδεῖν
448 2571 680 2627 ὀνομαστι,
721 2576 774 2614 de
811 2588 892 2626 qua
919 2586 1044 2626 supra
1073 2574 1227 2612 dictum
1266 2588 1306 2626 p.
1337 2574 1408 2614 40.
1475 2574 1559 2612 Sed

200 2631 416 2683 probobiie
450 2636 516 2671 est
550 2631 662 2671 illam
704 2632 845 2684 legem
883 2630 936 2672 ad
965 2631 1157 2671 absentes
1187 2636 1230 2670 et
1259 2630 1382 2674 exilio
1412 2629 1560 2670 multa-

200 2693 267 2726 tos
298 2687 408 2727 cives
438 2701 516 2728 non
547 2689 813 2741 pertinuisse.

1200 2764 1302 2801 13·
