1702 3190
197 174 226 215 8
735 180 789 212 aa
818 179 1070 211 auca-omnus

197 284 300 324 Plat.
330 283 457 323 Bekk.
487 294 528 335 p.
558 281 655 323 331.
714 280 828 322 Idem
858 293 960 334 opus
989 279 1253 320 literatissimi
1280 279 1456 322 hominis
1485 281 1559 322 sub
1587 281 1640 326 t!-
1678 323 1679 326 ,

194 361 280 401 tulo
312 356 507 415 ἱστορίας
532 356 742 412 μουσικῆς
779 362 866 398 tum
903 358 992 398 aliis
1020 358 1120 397 locis
1149 357 1373 409 habemus,
1407 362 1495 399 tum
1532 359 1640 412 apud

193 442 402 478 auctorem
430 438 549 480 Vitae
579 437 772 489 Aeschyli
800 450 842 489 p.
866 437 919 475 13
949 436 1055 475 Rob.
1082 439 1388 477 commemorari
1426 442 1467 477 et
1496 438 1640 477 Dicae-

192 515 306 554 archi
343 529 491 557 nomen
531 516 730 555 excidisse
767 515 969 554 existimat
1005 513 1215 553 Dobraeus
1251 515 1303 555 ad
1335 515 1542 567 Aristoph.
1573 514 1639 554 ed.
1686 519 1702 558 ’ς

192 591 308 644 Lips.
346 592 426 634 vol.
465 593 522 632 IX
549 594 575 632 2
610 604 651 644 p.
682 593 778 632 209.
842 591 1011 631 Cautior
1058 591 1245 631 Dobraeo
1283 593 1484 641 Naekius,
1525 593 1640 632 cuius

192 671 357 723 egregia
387 674 496 710 extat
526 670 577 710 de
607 670 881 709 Dicaearcheo
910 669 1014 708 libro
1045 669 1291 719 disquisitio,
1329 682 1449 722 quem
1477 670 1642 710 verissi-
1684 651 1686 655 ‚

190 759 270 797 me,
300 752 346 790 ut
374 748 476 788 mihi
506 747 670 800 quidem
700 748 877 795 videtur,
911 746 1045 798 magni
1076 746 1210 798 operis
1241 747 1293 787 de
1320 747 1414 789 Vita
1445 747 1642 787 Graeciae

185 830 344 878 partem
373 822 683 876 fuisse'statuit‚
712 837 750 864 v.
764 825 956 864 Museum
983 823 1210 876 Rhen.1p.
1225 824 1280 863 40
1297 837 1384 876 sqq.
1442 824 1504 864 De
1533 825 1642 865 Cha·
1687 847 1690 854 ·

186 903 436 953 maeleonte,
480 903 568 943 viro
612 902 830 943 multarum
868 903 1100 950 literarum,
1144 904 1239 953 post
1275 901 1455 943 Ionsium
1492 903 1642 954 Script.
1686 953 1690 956 ἡ

186 980 297 1020 Hist.
327 981 477 1032 philos.
501 979 605 1028 1,17
635 983 677 1019 et
703 980 895 1022 Vossium
922 979 1031 1019 Hist.
1063 978 1208 1019 Graec.
1239 979 1300 1019 111
1328 992 1370 1031 p.
1391 980 1473 1019 34⁰
1502 980 1642 1033 dispu-

186 1059 288 1098 tavit
316 1057 549 1098 Boeckhius
578 1056 717 1097 Praef.
746 1056 798 1096 ad
826 1056 946 1097 Pind.
977 1056 1116 1096 Schol.
1143 1068 1186 1107 p.
1216 1056 1287 1095 lx.
1353 1056 1394 1095 Is
1429 1057 1537 1095 inter
1564 1057 1643 1097 alia

187 1135 410 1186 scripserat
447 1133 545 1187 περὶ
581 1129 832 1189 κωμῳδίας,
863 1133 978 1173 cuius
1006 1135 1164 1172 sextum
1201 1131 1349 1172 librum
1377 1133 1505 1173 habea
1533 1133 1643 1186 apud
1689 1163 1694 1177 „

186 1212 337 1252 Athen.
356 1211 414 1252 IX
439 1224 481 1264 p.
499 1212 582 1252 374
605 1211 742 1252 a.4oo
759 1223 798 1251 e.
826 1210 898 1251 ubi
932 1210 985 1251 de
1006 1209 1249 1262 Hegemone
1278 1211 1431 1251 Thasio
1462 1214 1504 1250 et
1533 1212 1643 1251 Ana·
1689 1186 1694 1214 ξ

185 1289 382 1328 xandride
412 1289 654 1342 disputatur.
710 1289 916 1329 Locorum
945 1299 995 1329 ex
1024 1290 1238 1330 Athenaeo
1269 1289 1486 1329 allatorum
1507 1289 1641 1340 primo
1689 1296 1693 1309 ²

185 1367 293 1407 liber
320 1367 391 1408 ille
419 1365 518 1421 περὶ
545 1365 621 1416 τῆς
649 1362 834 1420 ἀρχαίας
860 1361 1088 1422 κωμῳδίας
1122 1366 1342 1418 inscriptus
1377 1365 1505 1407 fuisse
1541 1367 1643 1407 dici·

186 1448 269 1495 tur,
298 1457 378 1497 quo
407 1445 527 1486 titulo
557 1444 679 1484 etiam
696 1445 861 1486 Eumeli
877 1444 1141 1497 Peripatetici
1161 1444 1267 1484 liber
1295 1443 1505 1484 ferebatur
1532 1457 1643 1485 com·
1701 1472 1702 1475 =

187 1527 436 1564 memoratus
466 1537 491 1563 a
519 1523 747 1565 Scholiasta
770 1524 848 1565 MS
868 1523 920 1564 ad
946 1523 1139 1565 Aeschin.
1170 1534 1208 1563 c.
1237 1522 1445 1563 Timarch.
1476 1522 1586 1572 §39‚
1601 1522 1644 1563 4.
1700 1511 1702 1588 Ξ

187 1596 392 1655 Εὔμηλος
430 1597 454 1642 ὁ
487 1597 834 1657 Περιπατητικὸς
870 1598 917 1641 ἕν
953 1598 1013 1657 τῷ
1054 1596 1184 1655 τρίτῳ
1218 1598 1316 1653 περὶ
1351 1597 1427 1649 τῆς
1459 1593 1645 1654 ἀρχαίας
1701 1589 1702 1593 ’

185 1676 415 1735 κωμῳδίας
455 1678 570 1733 φησὶ
625 1677 847 1732 Νικομένη
905 1674 1006 1718 τινὰ
1062 1673 1281 1731 ψήφισμα
1325 1675 1508 1717 θέσθαι
1555 1689 1645 1730 μη-

187 1752 294 1795 δένα
320 1754 409 1796 τῶν
434 1752 525 1810 μετ’
558 1751 800 1806 Εὐκλείδην
829 1751 1019 1811 ἄρχοντα
1044 1754 1236 1809 μετέχειν
1262 1752 1339 1805 τῆς
1367 1749 1550 1805 πόλεως,
1588 1747 1646 1792 ἂν

187 1830 249 1887 μὴ
279 1829 415 1888 ἄμφω
444 1830 544 1882 τοὺς
570 1832 725 1886 γονέας
753 1829 915 1880 ἀστοὺς
943 1828 1223 1885 ἐπιδείξηται,
1253 1829 1353 1884 τοὺς
1382 1829 1429 1876 δὲ
1457 1826 1541 1885 πρὸ
1555 1825 1645 1870 Εὐ-

185 1906 359 1951 κλείδου
387 1907 678 1963 ἀνεξετάστως
705 1906 944 1965 ἀφεῖσθαι.
1006 1911 1070 1952 De
1105 1924 1185 1964 qua
1219 1911 1314 1964 lege
1345 1909 1454 1950 infra
1481 1908 1644 1948 dicendi

187 1989 306 2030 locus
337 1991 428 2032 erit.
485 1991 687 2032 Eumelus
715 1994 852 2031 autem
879 1989 953 2029 ille
979 1988 1158 2030 fortasse
1187 2001 1270 2030 non
1285 1989 1471 2029 diversus
1500 1990 1564 2027 est
1591 1986 1643 2027 ab

189 2080 239 2108 eo
271 2069 341 2120 qui
370 2072 713 2110 commemoratur
751 2070 801 2109 ab
831 2068 1016 2121 Diogene
1049 2067 1188 2108 Laert.
1215 2067 1268 2116 V,
1297 2066 1338 2116 1,
1365 2065 1407 2107 5.
1442 2060 1645 2104 ἐνταῦθα
1694 2118 1696 2127 x

186 2141 242 2192 δὴ
272 2142 384 2184 πιών
413 2146 699 2197 (Aristotelem
727 2146 846 2198 dicit)
874 2139 1079 2185 ἀκόνιτον
1105 2138 1391 2194 ἐτελεύτησεν,
1421 2134 1479 2189 ὥς
1506 2151 1646 2195 φησιν
1694 2182 1696 2184 .

187 2217 391 2275 Εὔμηλος
426 2221 473 2263 ἐν
511 2221 565 2280 τῇ
601 2222 777 2279 πέμπτῃ
813 2220 901 2262 ταῖν
937 2220 1162 2278 ἱστοριῶν,
1201 2217 1324 2274 βιοὺς
1351 2217 1425 2270 ἔτη
1454 2205 1644 2273 ἑβδομή-
1701 2275 1702 2278 ¹

186 2311 337 2340 κοντα.
397 2296 421 2340 ὁ
451 2296 490 2339 δ’
521 2296 655 2348 αὐτός
683 2312 821 2355 φησιν
847 2296 984 2341 αὐτὸν
1021 2299 1097 2340 καὶ
1129 2293 1343 2340 Πλάτωνι
1367 2291 1645 2353 τριακοντού-
1700 2307 1702 2310 ·

186 2389 270 2428 την
298 2375 535 2430 συστῆναι,
571 2374 832 2420 διαπίπτων.
887 2379 1075 2431 Denique
1102 2378 1145 2419 in
1172 2378 1319 2419 eodem
1349 2377 1643 2418 Chamaeleon·
1692 2398 1695 2403 ‹

188 2457 243 2497 tis
273 2457 377 2496 libro
409 2457 531 2496 etiam
561 2457 614 2498 de
643 2458 859 2498 saltatione
887 2457 1043 2497 comica
1071 2460 1206 2497 actum
1233 2456 1362 2494 fuisse
1377 2453 1498 2492 docet
1525 2453 1641 2494 locus
1691 2496 1693 2499 ,

189 2535 240 2576 ab
276 2533 427 2574 Athen.
455 2534 555 2575 XIV
591 2547 634 2586 p.
663 2536 787 2576 6282
828 2538 1032 2581 servatus,
1070 2543 1192 2583 quem
1231 2543 1282 2571 ex
1319 2529 1465 2571 eodem
1513 2542 1642 2583 opere

191 2613 358 2655 ductum
395 2623 487 2651 esse
520 2615 635 2651 recte
672 2611 813 2651 statuit
848 2609 1274 2662 Schweighaeuserus.
1331 2608 1639 2650 chamaeleonti

192 2704 344 2744 suppar
373 2692 507 2730 aetate
539 2687 622 2728 fuit
652 2689 795 2729 Crates
825 2686 1106 2736 Atheniensis,
1142 2686 1374 2728 Polemonis
1411 2686 1454 2728 iu
1482 2686 1638 2729 Acade·
1680 2670 1702 2742 η’
