1702 3190
222 190 276 230 08
782 195 1084 224 rnunncm'rns.

214 301 264 340 -et
290 300 409 350 poeta
435 296 615 334 incertus
644 293 751 345 apud
780 293 996 336 Philonem
1024 295 1104 338 vol,
1135 294 1175 335 11
1210 307 1251 348 p.
1281 294 1364 335 50⁰
1393 292 1532 348 Mang.
1556 290 1669 335 Οὔτε
1696 320 1698 322 -

219 373 326 427 γυνὴ
357 366 565 411 τοσσόνδε
591 366 695 410 νόου
723 367 965 411 ἐπιδεύεται
999 370 1168 411 ἔσθ-λοῦ
1198 365 1340 412 ’Ώστε
1364 367 1545 426 χερείον’
1578 363 1673 411 ἑλέ-ζ’

220 450 338 492 σθαι
365 445 651 501 ἆμεινοτέρων
679 445 941 501 παρεόντων.
1006 452 1148 492 Virum
1180 452 1392 499 eximium,
1423 452 1490 502 qui
1518 451 1662 492 eadem

217 529 350 568 forma
378 528 605 567 Homerum
642 538 761 566 usum
805 541 896 568 esse
924 529 1092 579 putabat
1124 529 1175 567 ad
1204 512 1480 579 Phrynichum
1509 541 1550 579 1».
1581 528 1662 567 136

216 606 367 646 fefellit
392 605 621 652 'memoria3
651 605 996 658 Homerus'enim
1029 619 1109 645 non
1139 601 1417 658 ἀμεινότερον
1446 606 1556 654 dixit,
1586 604 1665 645 sed'

211 681 455 736 χειρότερον
486 681 631 732 Odyss.
662 675 704 719 θ’
734 682 831 723 513.
900 684 983 724 Sed
1019 684 1146 723 redeo
1176 684 1285 723 unde
1323 684 1527 735 digressus
1557 695 1660 724 sum.

216 756 497 813 Μαγείραινα
526 763 568 797 et
604 751 937 810 ιῇζθυοπώλαινα
973 761 1169 800 habemus
1206 761 1248 799 in
1282 759 1511 812 fragmento
1554 759 1662 811 apud

215 840 471 880 Athenaeum
485 835 585 874 XIII
614 849 654 887 p.
684 838 765 877 612
779 852 813 887 a,
844 833 1026 886 σκόνυζα
1054 850 1130 890 pro
1159 834 1313 885 κόνυζα
1341 837 1448 889 apud
1469 837 1665 875 Photium‘

213 930 256 970 p.
285 916 381 963 524,
424 910 551 965 κῆχὸς
594 914 700 965 apud
730 916 909 967 Etymol.
949 916 1009 955 M.
1045 929 1085 966 p.
1115 916 1196 954 682
1237 915 1292 955 54
1337 918 1379 953 et
1423 915 1661 953 Cramerum

213 994 369 1036 Anecd.
401 993 417 1031 1
454 1005 494 1043 p.
525 989 607 1029 344
650 991 719 1039 27,
763 987 968 1039 ἀκὲαννος
1003 1005 1079 1045 pro
1116 986 1296 1039 ἆκέανος
1332 992 1438 1044 apud
1472 990 1661 1031 Eustath.

213 1085 255 1124 p.
300 1069 411 1109 1528
453 1068 525 1115 45,
565 1062 756 1119 κυάμους
799 1066 946 1122 φακῆν
982 1070 1090 1122 (leg.
1135 1064 1336 1123 ἆφάκην)
1379 1064 1490 1117 ζείας
1536 1065 1662 1120 αἴρας

213 1141 457 1190 ἆκεάννους.
522 1142 606 1182 Sed
637 1149 874 1197 corruptum
903 1146 1064 1186 videtur
1091 1143 1300 1186 ἐπέσθειν
1335 1159 1410 1198 pro
1439 1140 1662 1184 ἐπεσθίειν

213 1225 323 1278 apud
352 1223 502 1264 Athen.
532 1235 572 1272 p.
595 1221 676 1260 644
688 1221 718 1270 f,
749 1223 819 1261 ubi
848 1223 1020 1274 legerim
1049 1217 1254 1272 ἒπήσθί.
1311 1224 1399 1263 Nec
1427 1235 1568 1263 sanum
1598 1226 1661 1263 est

212 1298 374 1350 ἆλήθω
403 1314 478 1353 pro
510 1293 621 1338 ἇλὲω
651 1299 759 1351 apud
788 1300 954 1339 Suidam
983 1313 1015 1340 s.
1046 1314 1084 1340 v.
1113 1293 1373 1350 ἀνόδοντος,
1403 1301 1469 1339 vel
1496 1298 1662 1353 εἴρυσεν

212 1381 263 1420 ab
300 1374 407 1432 ἐρύω
445 1378 552 1429 apud
590 1377 800 1416 Pollucem
830 1377 908 1418 VII
938 1378 1032 1426 163,
1071 1379 1141 1417 ubi
1169 1378 1387 1430 legendum
1415 1372 1573 1430 ἤρυσεν
1610 1380 1661 1419 ab

212 1449 368 1510 ἇρὺτω.
433 1455 522 1494 Nec
555 1448 695 1508 κάρυα
732 1454 831 1493 «lixit
858 1454 1082 1506 penultima
1119 1456 1241 1507 longa
1269 1455 1376 1507 apud
1404 1455 1661 1496 Athenaeum

213 1534 252 1574 11
284 1547 323 1585 p.
353 1533 407 1571 56
423 1532 455 1580 s,
486 1532 560 1571 sed
589 1531 669 1584 leg.
699 1525 877 1583 καρύκη.
940 1533 1083 1584 Aeque
1111 1534 1300 1572 vitiosum
1331 1536 1392 1572 est
1422 1533 1529 1585 quod
1557 1534 1660 1586 legi-

211 1614 280 1650 tur
317 1609 426 1661 apud
464 1610 685 1649 Grammat.
724 1608 897 1659 Seguer.
933 1623 973 1661 p.
1018 1610 1100 1649 372
1130 1611 1197 1660 32,
1244 1609 1314 1650 ubi
1342 1611 1502 1662 corrige
1539 1603 1570 1649 ἅ
1604 1623 1658 1663 με

212 1685 336 1738 λέγει.
400 1687 462 1726 De
498 1690 630 1726 metro
668 1685 967 1734 Pherecrateo‚
1014 1687 1123 1737 quod
1160 1701 1205 1728 se
1243 1689 1420 1740 primum
1456 1688 1659 1729 invenisse

210 1766 300 1818 ipse
329 1764 527 1818 gloriatur
556 1764 662 1817 apud
692 1763 987 1816 Hephaest.,x
1016 1763 1043 1803 5
1072 1769 1114 1804 et
1142 1765 1219 1806 XV
1248 1765 1324 1806 15:

600 1836 765 1893 ἄνδρες,
796 1835 1002 1893 πρόσχετε
1030 1837 1109 1880 τὸν
1136 1840 1241 1881 νοῦν

599 1912 852 1970 ἐξευρήματι
880 1915 1014 1972 καινῷ

600 1991 891 2048 συμπτὺκτοις
919 1990 1221 2045 ἀναπαίστοις,

212 2071 433 2124 disputavit
471 2072 732 2114 Hermannus
771 2074 909 2113 Doctr.
945 2077 1064 2114 metr.
1103 2087 1144 2127 p.
1173 2073 1271 2114 434.
1333 2072 1395 2113 De
1433 2073 1658 2114 dramatum
1694 2072 1702 2140 j

213 2163 316 2203 quae
358 2150 497 2190 docuit
537 2163 707 2190 numero
745 2151 802 2190 ita
837 2154 998 2190 veteres
1036 2151 1298 2201 dissentiunt,
1339 2155 1387 2191 ut
1420 2148 1702 2202 Anonymusi

211 2227 241 2267 l.
270 2228 298 2268 1.
336 2227 585 2277 octodecim,
626 2229 772 2269 Suidas
811 2232 946 2268 autem
984 2233 1027 2268 et
1061 2230 1246 2270 Eudocia
1283 2229 1462 2269 sedecim
1497 2228 1657 2271 fabula·
1690 2199 1702 2297 ᾖ

213 2315 308 2344 eum
337 2304 524 2344 docuisse
554 2306 774 2346 memoriae
800 2306 1067 2361 prodiderint.
1133 2307 1319 2359 Utroque
1354 2307 1481 2346 multo
1510 2307 1658 2346 libera-
1688 2298 1702 2380 ἦ

213 2381 338 2421 liores
368 2395 413 2422 ne
439 2384 716 2435 praebuerunt
743 2383 950 2423 Meursius
978 2384 1083 2424 Bibl.
1113 2385 1196 2425 Att.
1224 2398 1266 2437 p.
1296 2384 1405 2424 1578
1433 2387 1476 2424 ct
1502 2384 1553 2422 ad
1582 2382 1656 2422 Ni·
1687 2374 1702 2440 ll

214 2459 398 2499 comach.
437 2460 546 2501 Mus.
590 2474 631 2513 p.
662 2461 741 2500 171
791 2464 833 2500 et
876 2462 1053 2502 Fabricii
1099 2461 1352 2502 Bibliotheca
1397 2459 1702 2510 Harlesiana,

214 2535 366 2588 quippe
403 2537 471 2588 qui
512 2538 653 2591 viginti
692 2540 881 2590 quattuor
921 2539 1151 2579 fabularum
1186 2538 1326 2578 titulos
1363 2536 1702 2591 αΡΡοευετυῃῂί

215 2623 388 2663 quorum
416 2625 630 2655 numerum
657 2616 714 2655 ita
741 2615 1040 2664 imminuemus,
1067 2615 1133 2655 vix
1160 2618 1207 2655 ut
1235 2615 1462 2656 octodecim
1489 2615 1671 2657 fabulae
1679 2622 1702 2684 ιιι

214 2688 516 2742 relinquantur,
554 2703 796 2745 quamquam
823 2692 932 2735 inter
957 2693 1032 2736 has
1057 2693 1180 2736 etiam
1207 2694 1459 2749 complures,
1482 2691 1536 2734 de
1563 2692 1660 2747 qui·
1659 2691 1702 2722 4·”
