1702 3190
551 142 770 171 mononus.
830 141 1064 172 mos-mma.
1458 131 1544 174 419

61 244 276 294 libroXlL
305 247 347 285 at
375 243 482 284 libro
497 243 557 286 vi
586 257 627 297 p.
658 242 783 284 235e
820 246 863 283 et
888 243 1026 283 239b.
1090 240 1546 298 Πανηγυριστῶν

60 330 212 375 autem,
243 332 323 377 quo
354 324 522 365 nomine
553 319 737 364 Platonis
765 322 832 362 vel
862 321 1033 362 Batonis
1062 322 1204 364 fabula
1234 324 1472 375 ferebatur,
1501 326 1545 368 iu

62 398 202 446 nostro
242 403 459 444 Athenaeo
497 417 576 444 nec
620 403 713 442 vola
750 414 830 441 nec
866 402 1107 455 vestigium.
1187 402 1357 444 Mediae
1405 406 1544 456 poetis

59 483 300 524 comoediae
339 495 433 522 eum
477 483 681 535 assignavi
718 484 892 532 propter
927 482 1096 521 titulum
1136 482 1247 533 apud
1284 482 1544 524 Boeckhium

57 561 185 603 Inscr.
220 563 236 602 1
267 576 308 615 p.
326 561 423 610 354,
454 562 525 601 ubi
555 561 761 601 Diodorus
790 559 993 600 archonte
1025 561 1207 601 Dictimo
1235 559 1279 600 h.
1297 574 1334 600 e.
1368 562 1541 615 Olymp-

58 637 152 683 GVI
194 641 223 681 3
279 635 489 694 Νεκρὸν
535 643 578 679 et
622 631 988 689 Μαινόμενον
1025 640 1217 680 docuisse
1257 640 1432 690 dicitur,
1476 641 1543 680 hi-

58 719 214 760 strione
243 731 342 759 usus
371 718 675 760 Aristomacho.
716 719 779 758 Ex
809 717 968 757 incerta
998 718 1140 760 fabula
1169 731 1297 759 unum
1328 719 1543 772 fragmen-

55 801 146 838 tum
172 802 380 838 servatum
411 802 475 838 est
504 811 528 838 a
558 799 740 838 Stobaeo
772 798 908 837 Serm.
939 798 1093 838 LXXII
1125 799 1165 838 1.
1239 799 1344 839 Nam
1377 800 1431 841 de
1460 799 1542 841 alio

53 876 242 918 ciusdem
273 877 442 918 Stobaei
473 878 565 919 loco
595 879 730 918 Serm.
762 877 914 918 CXXV
943 877 972 918 8
1002 878 1139 918 statim
1165 876 1365 919 dicemus.

59 982 62 986 ·
166 955 488 1006 DIONYSIUS,
527 958 627 998 item
658 957 925 1009 Sinopensis,
969 961 1016 996 ut
1046 961 1209 997 constat
1239 959 1449 1000 Athenaei
1478 960 1542 1000 in-

54 1035 165 1076 dicio
199 1032 270 1075 lib.
309 1036 366 1076 XI
404 1049 445 1089 p.
475 1036 559 1077 467
577 1037 617 1077 d.
667 1037 792 1076 497c
832 1041 874 1076 et
913 1036 1014 1078 XlV
1055 1050 1097 1089 p.
1128 1036 1214 1076 615
1234 1050 1271 1077 e.
1347 1039 1541 1091 Antiquis

57 1115 170 1156 hunc
213 1115 381 1156 comicis
420 1121 612 1156 accenset
653 1117 922 1157 casaubonus
963 1117 1015 1156 ad
1047 1117 1199 1156 Athen.
1231 1116 1288 1156 XI
1328 1130 1370 1170 p.
1401 1118 1538 1168 467d,

53 1195 166 1247 quod
203 1194 533 1247 fragmentorum
572 1196 735 1236 indoles
765 1196 863 1236 satis
909 1196 1078 1236 refellit.
1147 1198 1270 1238 Circa
1309 1197 1477 1251 Olymp.
1505 1199 1539 1239 G

52 1274 203 1314 vixisse
232 1274 397 1314 videtur
426 1275 618 1315 Fabricio
648 1276 755 1315 Bibl.
786 1275 859 1315 Gr.
891 1276 931 1314 ΙΙ
962 1290 1003 1328 p.
1034 1276 1136 1325 437,
1175 1276 1286 1327 quod
1317 1281 1363 1316 ut
1393 1291 1538 1317 verum

51 1351 146 1393 esse
185 1352 311 1393 facile
351 1354 558 1404 concedo,
595 1357 935 1407 argumentorum
973 1359 1113 1395 tamen
1154 1356 1257 1395 nihil
1297 1357 1436 1396 attulit
1473 1357 1540 1413 ¹vir

50 1432 210 1473 doctus.
239 1433 524 1483 Archestrato,
555 1433 810 1473 nobilissimo
830 1438 1001 1474 auctore
1025 1430 1368 1488 ι’.ἐιστρονο,ιιιίηεςΊ
1402 1435 1537 1476 fuisse

50 1512 277 1562 minorem,
324 1513 446 1552 docet
494 1514 611 1552 locus
661 1526 686 1551 e
724 1512 866 1552 fabula
914 1510 1287 1567 Θεσμοφόρος
1337 1515 1539 1567 inscripta

53 1596 241 1631 servatus
277 1589 328 1631 ab
356 1592 511 1632 Athen.
540 1592 597 1632 lx
636 1605 677 1644 p.
710 1591 794 1631 405
811 1592 851 1641 b,
895 1594 1127 1646 eademque
1165 1594 1299 1634 ferme
1339 1608 1432 1634 cum
1462 1594 1536 1634 Ni-

52 1669 257 1720 costrato,
286 1670 577 1724 Aristophanis
607 1671 721 1720 filio,
752 1676 888 1711 aetate
919 1674 1075 1713 fabulis
1104 1674 1335 1713 scribendis
1365 1686 1536 1726 operam

52 1750 244 1799 dedisse,
284 1761 366 1790 non
398 1751 506 1791 male
536 1751 731 1791 coniicias
762 1765 811 1790 ex
855 1752 904 1791 iis
953 1766 1059 1804 quae
1098 1766 1146 1792 ex
1176 1753 1300 1793 huius
1330 1747 1460 1806 Σύρῳ
1491 1756 1536 1792 et

51 1829 238 1881 Dionysii
264 1823 363 1882 ‘Ospa
383 1824 487 1868 ωνύ
505 1843 630 1883 μοις
661 1823 800 1882 (qu'ae
830 1831 971 1871 fabula
998 1832 1193 1872 laudatur
1214 1824 1346 1871 'etiam
1376 1831 1448 1871 lib.
1476 1830 1535 1871 IX

39 1911 93 1961 'p-
134 1908 218 1949 881
238 1909 289 1959 c)
351 1909 404 1949 de
449 1910 741 1963 Cephisodoro
782 1912 920 1950 attulit
963 1911 1117 1952 Athen.
1160 1912 1260 1953 XIV
1312 1925 1355 1964 p.
1400 1910 1484 1950 615
1500 1909 1533 1950 f.

48 1988 243 2029 Eundem
274 1991 411 2029 tamen
443 1990 714 2030 Macedonica
757 1994 946 2043 tempora
984 1993 1192 2044 attigisse,
1229 1990 1480 2043 intelligitur
1509 2003 1534 2029 e

48 2065 286 2120 fingmento
315 2067 483 2109 fabulae
508 2062 975 2122 Ἀκοντιζόμενος
999 2071 1111 2123 apud
1142 2071 1406 2111 Athenaeum
1435 2069 1534 2111 XIV

52 2143 266 2198 1206411,
302 2147 375 2186 ubi
403 2144 606 2199 ματτύην
635 2154 954 2198 commemorat,
995 2151 1105 2201 quod
1136 2149 1264 2190 edulii
1294 2160 1427 2201 genus
1455 2148 1534 2189 sub

54 2223 333 2264 Macedonum
364 2225 529 2266 demum
559 2226 735 2279 imperio
766 2226 953 2267 Athenas
985 2216 1284 2268 ¹introductum
1323 2239 1417 2267 esse
1471 2227 1533 2267 di-

55 2299 374 2345 bertc‹.=testatur
395 2306 546 2345 Athen.
567 2305 665 2348 XIV
694 2317 735 2357 p.
768 2307 851 2344 662
869 2306 902 2345 f.
960 2307 1044 2346 Sed
1074 2312 1286 2360 utcunque
1316 2307 1369 2346 de
1396 2309 1534 2347 aetate

55 2377 241 2432 Dionysii
277 2387 500 2434 statuatur,
538 2389 653 2424 certe
689 2385 852 2424 mediae
890 2385 972 2424 fuit
1009 2391 1134 2438 poeta
1177 2386 1447 2436 comoediae,
1485 2390 1534 2427 ut

57 2458 126 2498 vel
155 2471 204 2499 ea
233 2461 382 2502 docent
410 2476 514 2515 quae
543 2464 675 2503 refert
705 2478 753 2504 cx
784 2477 865 2504 una
895 2466 986 2504 eius
1015 2465 1249 2506 fabularum
1277 2466 1531 2507 Scholiastes

55 2536 182 2578 nom.
205 2538 318 2581 iliad.
347 2538 374 2580 λ
401 2542 499 2591 515,
528 2543 720 2582 referens
754 2543 848 2593 ille,
879 2544 1120 2597 Dionysium
1152 2546 1379 2586 Herculem
1409 2546 1530 2584 indu-

55 2616 167 2659 xisse
195 2624 476 2671 aegrotantem
507 2622 778 2674 Silenumque
814 2624 961 2664 morbo
997 2625 1088 2665 eius
1118 2625 1279 2665 mederi
1309 2628 1529 2666 conantem

53 2695 222 2735 admoto
251 2698 451 2751 clystere:
481 2694 664 2756 αἰσχρὸν
692 2697 776 2756 γὰρ
805 2690 862 2751 ἦν
887 2699 969 2741 τὸν
994 2695 1120 2757 ἥρωα
1141 2702 1415 2756 πυρέττοντα
1444 2714 1530 2741 ποι-

1157 2783 1212 2821 27
1246 2783 1264 2803 *
