1702 3190
520 164 715 194 smnus.
774 160 990 189 sommus.
1421 140 1508 182 425

35 274 84 317 ἐν
112 269 166 331 τῇ
193 262 392 325 Σιμύλου
411 262 653 322 Μεγαρικῇ.
682 264 743 306 Ex
772 261 947 302 incertis
981 258 1134 298 fabulis
1162 256 1513 309 framentauen,

31 355 181 399 verunt
218 348 480 401 Theophilus
520 346 571 386 ad
610 343 748 387 Autol.
780 340 842 382 111
881 353 921 392 p.
952 336 1051 377 385.
1119 336 1325 376 Stobaeus
1372 334 1507 375 Serm.

34 435 108 478 LX
137 433 164 472 4
207 435 250 471 et
287 429 346 469 10.
378 429 563 468 Damasc.
595 421 728 464 Parall
779 433 821 473 p.
852 418 936 458 433
976 415 1089 468 Lips.
1160 414 1362 466 Simylum
1399 414 1512 455 hunc

40 527 123 556 non
152 512 359 552 diversum
390 506 520 546 fuisse
549 517 571 544 a
601 501 757 554 Simylo
786 496 987 538 histrione
1017 493 1189 545 tragico,
1222 493 1274 532 de
1304 507 1386 545 quo
1414 493 1512 535 vide

34 595 298 636 Maussacum
337 567 387 626 ad
417 586 662 636 Harpocrat.
701 593 743 632 p.
774 578 856 619 317
892 577 964 627 ⁹¹)
994 572 1256 626 suspicantur
1285 573 1512 614 Salmasiu-

38 673 90 712 ιιι]
119 671 278 711 Polluc.
308 667 335 708 l.
365 666 393 705 l.
426 669 467 703 et
495 659 743 702 Boeckhius.
781 655 902 710 Quod
935 654 1034 693 mihi
1063 652 1383 704 haudquaquam
1413 666 1514 705 pro-

37 751 176 792 babile
214 747 397 793 videtur,
436 726 505 795 qui
543 753 625 780 non
669 737 835 778 credam
874 734 1007 775 ullum
1046 744 1227 785 unquam
1269 732 1517 773 histrionem

37 828 238 881 tragicum
269 823 391 865 simul
422 819 729 862 comoediarum
779 820 963 856 actorem
996 812 1149 861 fuisse,
1189 823 1311 863 quam
1352 813 1396 862 in
1425 825 1518 853 rem

36 907 224 951 Platonis
253 905 346 945 loco
377 901 436 942 uti
466 899 608 940 licebit
636 897 760 938 Polit.
793 895 853 936 111
884 908 925 947 p.
956 891 1040 932 395
1072 893 1127 932 B:
1165 884 1267 929 ἀλλ’
1306 885 1410 931 οὐδέ
1447 903 1520 931 τοι

41 981 272 1041 ὑποκριταὶ
309 976 534 1036 κωμῳδοῖς
562 990 608 1017 τε
636 974 712 1016 καὶ
742 970 985 1031 τραγῳδοῖς
1014 969 1059 1011 οἱ
1087 964 1231 1010 αὐτοὶ.

155 1061 449 1108 SOPHILUS.
513 1059 576 1100 De
615 1058 696 1097 hoc
725 1056 783 1095 ita
813 1054 991 1095 Suidns:
1020 1046 1228 1105 Σώφιλος
1261 1050 1333 1102 ⁹2)
1375 1043 1522 1103 ὄνομα

45 1141 208 1200 κύριον,
229 1136 467 1187 Σικυώνιος
495 1131 524 1187 ἢ
545 1134 754 1187 Θηβαῖος,
784 1130 972 1187 κωμικὸς
1001 1130 1078 1182 τῆς
1107 1130 1244 1185 μέσης
1272 1126 1520 1185 κωμῳδίας.

43 1221 250 1280 δράματα
295 1215 434 1262 αὐτοῦ
485 1209 847 1271 Κιθαρῳδός,
902 1208 1178 1266 Φίλαρχος
1231 1209 1419 1260 (Athen.
1460 1209 1523 1250 111

41 1318 85 1359 p.
116 1304 200 1344 100
215 1316 252 1351 a,
292 1300 364 1340 ubi
394 1302 488 1338 ante
518 1296 779 1336 Dindorfium
810 1293 1014 1334 edebatur
1048 1286 1362 1344 Φύλαρχος,
1395 1293 1438 1328 et
1467 1288 1532 1330 ibt

42 1397 84 1438 p.
115 1382 268 1433 125e)‚
305 1370 638 1429 Τυνδάρεως
666 1368 694 1424 ἢ
722 1369 882 1423 Λήδα
912 1369 988 1411 καὶ
1017 1367 1193 1421 Δηλιά
1224 1371 1302 1420 (ita
1320 1370 1526 1409 Kusterus

46 1478 72 1506 e
101 1462 222 1504 codd.
251 1473 326 1514 pro
356 1452 516 1511 Δημέα,
551 1455 662 1510 quod
691 1458 830 1495 servat
857 1452 1080 1503 Eudocia)‚
1109 1442 1168 1498 ὥς
1199 1460 1341 1503 φησιν
1366 1443 1528 1497 Ἀθή-

45 1553 182 1589 ναιος,
211 1537 287 1580 καὶ
318 1531 520 1591 Χειρίδ
533 1545 619 1574 ιον
649 1533 856 1583 (Eudocia
891 1526 1138 1586 Χοιρίδιον,
1169 1530 1282 1583 apud
1295 1529 1450 1570 Athen.
1472 1527 1528 1578 X,

47 1635 91 1675 p.
126 1620 250 1660 431⁸
288 1620 404 1658 recte
446 1609 853 1669 Ἐ’γχειρίδιον)
905 1611 981 1652 καὶ
1023 1602 1527 1665 Παρακαταθήκῃ,

50 1712 173 1752 quam
205 1702 247 1738 et
274 1697 406 1750 ipsam
434 1694 562 1735 habet
591 1694 745 1736 Athen.
767 1692 867 1734 XIV
897 1705 937 1745 p.
968 1691 1051 1732 640
1068 1691 1108 1741 d,
1146 1703 1170 1730 a
1198 1702 1282 1742 quo
1311 1694 1533 1742 praeterea

49 1781 427 1820 commemorantur
473 1772 636 1826 Sophili
683 1769 760 1810 Συ
773 1770 1096 1826 ντρέχοντες
1141 1770 1202 1811 111
1249 1783 1291 1822 p.
1323 1769 1407 1809 125
1426 1782 1451 1809 e
1488 1771 1534 1809 et

47 1851 392 1912 Ἀνδροκλῆς
424 1852 483 1895 111
513 1866 555 1906 p.
587 1853 670 1892 123
688 1864 725 1892 e.
763 1852 821 1894 VI
851 1865 892 1905 p.
921 1852 1064 1892 2281).
1133 1849 1322 1890 Eandem
1352 1848 1531 1891 Valcke-

49 1938 190 1983 narius
225 1933 470 1976 restituebat
500 1930 539 1973 11
577 1946 619 1987 p.
650 1930 746 1973 671·
779 1927 830 1971 τὸ
869 1928 915 1970 δὲ
953 1928 1075 1986 ῥῆμα
1105 1924 1353 1984 (ἀρτῦσαι)
1392 1926 1535 1967 κεῖται

51 2011 172 2071 παρὰ
207 2010 450 2068 Σοφοκλεῖ·
499 2007 580 2064 ἐγώ
633 2005 839 2066 μάγειρος
888 2005 1064 2065 ἀρτύσω
1110 2007 1274 2057 καλῶς,
1320 2008 1536 2061 corrigens

53 2090 176 2149 παρὰ
203 2090 395 2149 Σωφίλῳ
424 2090 472 2131 ἐν
502 2085 771 2144 Ἀνδροκλεῖ
853 2091 938 2132 Sed
975 2103 1025 2131 ea
1054 2090 1176 2130 valde
1204 2089 1363 2129 incerta
1393 2087 1534 2128 conie-

56 2177 172 2233 etun
198 2177 274 2212 est.
305 2173 367 2211 De
396 2176 636 2223 argumento
653 2170 871 2211 Androclis
901 2169 980 2210 cfr.
1005 2183 1047 2222 p.
1065 2168 1163 2210 275.
1195 2166 1533 2218 Cithuroedi,

58 2250 327 2306 Tyndarei
356 2249 443 2289 vel
472 2249 648 2289 Ledae
680 2253 723 2288 et
751 2249 941 2288 Deliae
970 2249 1129 2289 nullum
1158 2247 1202 2288 in
1227 2247 1381 2287 nostris
1401 2245 1535 2287 Athe-

59 2330 154 2371 mei
167 2327 467 2383 exemplaribus
483 2328 718 2383 vestigium.
738 2328 926 2380 Denique
942 2327 1106 2381 Sophili
1123 2321 1198 2367 Γά
1205 2340 1235 2381 μ
1248 2338 1272 2366 ο
1284 2338 1300 2366 ι
1315 2325 1536 2367 laudantur

123 2497 195 2549 ⁸²)
222 2498 417 2538 Fortasse
446 2495 480 2537 is
507 2496 619 2536 idem
650 2499 714 2536 est
743 2510 865 2549 quem
889 2497 990 2539 Sim
1005 2509 1082 2539 um
1113 2503 1234 2540 vocat
1247 2500 1389 2542 Alexis
1402 2499 1536 2543 Athe-

172 2555 266 2594 naei
296 2554 351 2596 [v
379 2567 422 2607 p.
453 2554 535 2594 144
552 2554 592 2594 d.

125 2610 196 2660 ⁹²)
233 2611 355 2650 Aliud
393 2624 540 2650 nomen
582 2608 651 2647 Συ
637 2602 799 2662 ’,([ιλος
832 2610 941 2649 aliud
973 2606 1170 2662 Σόᾳιλος
1207 2614 1274 2653 vel
1312 2607 1537 2677 Σόφιλθος

175 2666 344 2715 (Aread.
379 2680 418 2718 Ρ.
449 2668 519 2716 54,
551 2667 639 2718 14).
701 2668 894 2707 Comicus
934 2669 1128 2710 scribitur
1165 2667 1384 2724 Σώφιλος.
1443 2663 1534 2708 Σό-

173 2721 325 2777 ᾳιλλος
354 2723 570 2776 Sophoclis
599 2728 719 2777 pater
747 2724 986 2766 vocabatur.
