1702 3190
590 157 893 189 rutum-Annus.
1411 141 1502 190 849

27 275 198 322 μενον
239 260 427 305 Endocta
466 262 519 304 ad
557 261 678 304 unius
718 259 887 303 fabulae
924 255 1090 298 titulum
1120 255 1331 302 coniunxit
1359 251 1506 313 Σύρος

31 338 391 397 ἀπελαυνόμενος.
464 341 548 383 Sed
587 340 761 381 diversis
801 343 977 389 utraque
1014 335 1119 375 locis
1157 341 1506 378 commemoratur

30 427 84 476 ab
122 425 337 467 Athenaeo
374 422 472 463 XIV
512 435 553 473 p.
594 419 714 460 6151·
747 423 789 459 et
830 417 911 457 664
931 417 969 455 b.
1047 415 1129 454 Pro
1175 413 1339 466 Κλεινὴ
1387 421 1506 458 recte

32 499 212 552 Κλίνη
253 501 404 554 legitur
441 500 550 553 apud
579 499 853 547 Athenaeum,
883 497 926 535 in
957 493 1107 533 ceteris
1138 493 1270 534 titulis
1299 496 1405 536 nihil
1434 509 1505 538 va-

32 585 223 624 riantem.
292 580 546 619 lncertarum
601 577 832 617 fabularum
877 573 1110 625 fragmenta
1154 579 1378 626 supersunt
1419 579 1507 616 tre-

37 662 186 703 decim.
252 659 314 699 De
351 659 518 711 ingenio
559 658 788 696 dramatum
828 653 1055 693 Nicostrati
1083 657 1252 705 praeter
1282 666 1354 703 ea,
1399 667 1508 707 quae

38 753 161 792 supra
190 738 386 785 diximus,
421 735 503 775 hoc
532 748 660 775 unum
691 734 827 774 habeo
859 731 969 785 quod
1000 731 1193 782 afferam,
1223 733 1392 774 minime
1422 747 1510 776 ma-

32 819 212 870 ledicum
241 815 306 855 vel
337 815 535 855 audacem
564 814 695 854 fuisse
725 817 905 867 poetam.
951 811 1110 851 Rerum
1142 812 1324 854 civilium
1356 818 1510 857 statum

29 909 239 949 nunquam
281 895 428 948 attigit,
477 895 556 935 nisi
599 894 710 934 forte
753 891 884 932 semel
924 891 966 930 in
1011 890 1105 930 loco
1151 905 1175 932 a
1216 892 1368 935 Photio
1405 895 1509 936 Lex.

31 991 76 1031 p.
105 976 188 1016 348
217 976 258 1024 6,
296 975 367 1014 ubi
397 977 772 1014 commemorantur
801 966 978 1026 ῥήτορες
1007 965 1358 1024 ἐξωρμενικότες,
1400 971 1510 1014 δυσ-

32 1053 191 1110 χερεῖς,
246 1049 560 1107 παλιναὶρετοι.
619 1052 704 1093 Sed
732 1051 830 1091 talia
869 1051 911 1091 in
940 1050 1164 1092 Nicostrati
1189 1050 1341 1095 fabulis
1379 1053 1512 1096 fuisse

36 1134 233 1176 videntur
259 1134 482 1174 rarissima.

151 1211 515 1260 PHlLETAERI,
545 1225 668 1264 quem
697 1208 924 1264 Hyperidis
954 1211 996 1247 et
1019 1208 1225 1262 Diopithis
1260 1212 1332 1265 ⁰⁵)
1362 1223 1515 1265 aequa·-

0 1311 2 1334 >
40 1293 124 1333 lem
153 1293 282 1332 fuisse
312 1305 362 1331 ex
386 1291 602 1331 Athenaeo
633 1289 712 1330 VII
743 1302 785 1340 p.
811 1289 934 1327 342a
965 1293 1007 1328 et
1035 1288 1138 1328 XIII
1167 1302 1209 1341 p.
1239 1289 1360 1331 5870
1389 1291 1515 1332 intel-

39 1372 204 1425 ligitur,
235 1370 399 1410 omnino
430 1382 551 1409 unam
583 1372 625 1407 et
655 1368 799 1421 viginti
828 1367 989 1407 fabulas
1013 1367 1144 1409 fuisse
1175 1370 1324 1411 Suidas
1354 1372 1513 1423 scribit,

37 1454 240 1503 sequente
275 1449 436 1489 Eudoc.
473 1461 515 1501 p.
552 1448 649 1488 426.
717 1449 781 1487 Ex
818 1447 884 1487 his
924 1451 1092 1500 praeter
1119 1442 1433 1490 ''Avrvmmv
1471 1454 1516 1492 et

38 1523 386 1576 Οἰνοπίωνα,
430 1528 481 1567 de
519 1528 665 1580 quibus
706 1540 829 1579 supra
867 1527 1021 1566 dictum
1062 1532 1146 1579 est,
1181 1543 1204 1569 a
1241 1529 1368 1570 Suida
1403 1543 1440 1571 s.
1475 1542 1516 1572 v.

49 1607 307 1662 Φιλέταιρος
336 1607 490 1647 diserte
521 1607 804 1647 nominantur:
839 1600 1152 1659 ’Λχιλλεύς,
1190 1606 1518 1662 Κορινθια-

45 1682 198 1739 στής,
257 1681 520 1738 Κυνηγίς,
580 1681 881 1736 Φίλαυλος,
949 1684 1230 1740 Κέφαλος,
1293 1683 1518 1743 Τηρεύς,

42 1761 377 1816 Ἀταλάντη,
407 1759 872 1818 Λαμπαδοφόροι.
933 1766 1043 1818 Quas
1075 1779 1218 1807 omnes
1240 1772 1409 1820 praeter
1438 1769 1520 1810 Ce-

46 1847 215 1902 phalum
245 1847 365 1898 petiit
395 1859 446 1885 ex
460 1845 690 1895 Athenaeo,
721 1858 770 1885 ex
801 1857 882 1897 quo
914 1845 1067 1886 addere
1097 1850 1263 1899 poterat
1289 1842 1522 1898 Ἀσκλη-

46 1921 174 1968 πιόν
212 1926 293 1967 Vll
336 1940 376 1979 p.
416 1926 542 1966 342a
589 1931 631 1964 et
673 1925 734 1964 XI
778 1938 819 1977 p.
858 1926 995 1966 487³.
1063 1919 1523 1976 Ἀδωνιάζουσαι

0 2051 1 2062 2
46 2005 275 2058 J’hiletaeri
303 2005 523 2045 laudantur
554 2006 602 2044 ab
633 2005 843 2045 Antiattic.
874 2018 915 2058 p.
947 2005 1046 2054 104,
1083 2005 1165 2045 nisi
1201 2005 1425 2059 legendum
1463 2008 1521 2050 ibi

55 2079 348 2133 Φιλιππίδης,
390 2085 507 2124 cuius
535 2085 618 2124 hoc
646 2085 767 2124 titulo
798 2084 979 2124 fabulam
1010 2084 1132 2124 affert
1167 2085 1280 2126 idem
1308 2088 1523 2130 Antiattic.

0 2185 2 2203 2
53 2178 94 2217 p.
123 2165 178 2203 86
209 2168 250 2203 et
278 2163 428 2202 Pollux
455 2163 494 2204 V
525 2163 623 2202 1⁰0.
687 2163 889 2203 Eiusdem
922 2161 1106 2212 ,ΤὶΙῆνες
1143 2164 1304 2216 fabula,
1344 2168 1415 2220 qui
1443 2167 1525 2208 fuit

12 2262 13 2266 =
57 2241 179 2281 etiam
207 2241 471 2293 Epicharmei
501 2240 694 2280 dramatis
730 2242 895 2290 titulus,
938 2248 1286 2284 commemoratur
1324 2259 1348 2286 a
1379 2246 1526 2288 Gram-

8 2379 10 2382 .
58 2320 206 2362 matico
246 2319 324 2360 MS
361 2319 470 2373 apud
507 2319 792 2370 Diudorfium‚
835 2317 1097 2376 Φιλέταιρος
1137 2319 1290 2372 ,Μησὺ
1329 2319 1396 2373 τίς
1429 2322 1525 2366 ἐστι

8 2393 15 2442 ἰ
61 2393 435 2452 Μαιμακτηριώνς
467 2397 523 2439 Β.
554 2394 644 2451 μὴν
682 2393 926 2452 ὃικάσιμος.
986 2404 1117 2453 Quam
1157 2407 1375 2456 praeterea
1411 2418 1526 2447 com·

9 2490 16 2530 ᾖ.
60 2482 261 2520 memorat
289 2478 437 2519 Suidas
465 2491 499 2520 s.
529 2493 568 2520 τ’.
599 2472 929 2534 ἅμπαλίνορρος
947 2480 1175 2523 Philetaeri
1204 2482 1387 2526 fabulam
1417 2482 1527 2525 Me-

11 2651 16 2692 ¹,
62 2673 68 2676 >
121 2652 193 2702 υ)
223 2651 329 2691 Puto
359 2646 447 2694 eius
474 2653 544 2706 qui
573 2654 794 2700 Menandri
823 2655 969 2696 comici
996 2659 1148 2709 poetae
1176 2662 1297 2712 pater
1324 2657 1420 2708 fuit,
1448 2656 1527 2701 viri

173 2709 216 2749 in
247 2709 459 2761 republica
486 2711 597 2752 haud
625 2712 892 2755 mediocriter
921 2715 1086 2755 versati.
