1702 3190
624 171 934 201 »nannoni-nn.
1449 154 1506 195 7³

22 277 99 319 du·
139 278 208 318 sit.
275 277 409 328 Quam
447 273 614 328 quidem
653 273 819 313 laudem
854 271 987 312 multo
1024 271 1184 320 minus,
1228 272 1277 312 ut
1313 268 1508 322 equidem

27 357 190 410 opinor,
218 357 261 397 in
290 357 453 408 reliqua
483 352 775 407 disputationis
804 363 904 391 suae
923 355 1042 403 parte
1060 350 1114 391 *ei
1145 350 1376 390 concedere
1406 348 1509 393 lice.-

26 435 101 476 bit.
158 435 326 475 Etenim
355 436 446 488 ipse
475 434 590 474 videt
617 432 680 472 vir
709 431 917 484 egregius,
946 443 1135 482 magnam
1153 430 1385 469 sententiae
1409 440 1510 468 suae

29 514 330 555 dubitationem
361 514 518 553 moveri
549 526 624 560 eo,
654 510 763 562 quod
780 510 1020 550 Athenaeus
1050 513 1247 561 quattuor
1275 491 1391 547 locis,
1409 507 1510 548 Chi-

24 605 184 642 ronem,
214 594 361 633 incerti
392 592 572 633 auctoris
602 570 783 638 carmen,
814 592 1124 637 commemorat,
1155 588 1267 638 quod
1296 588 1367 626 alii
1396 587 1510 627 Phe-

26 673 194 721 tentati,
224 674 293 714 alii
317 671 567 714 Nicomacho
598 667 658 724 τῷ
686 665 904 723 ῥυθμικῷ,
935 668 1004 708 alii
1036 668 1215 719 denique
1245 668 1336 708 aliis
1366 670 1510 707 aucto-

23 755 140 795 ribus
184 751 448 792 tribuendum
487 750 739 790 censuerint.
818 748 913 789 vid.
952 748 1024 788 lib.
1055 747 1158 789 V111
1197 761 1239 800 p.
1270 747 1403 787 364a.
1451 744 1511 785 lx

23 846 66 888 p.
95 833 220 872 8681)
257 835 300 871 et
336 831 420 870 388
436 829 469 870 f.
506 830 606 872 XIV
642 843 684 882 p.
716 827 799 868 635
816 826 848 867 f.
925 827 1044 868 Haec
1074 827 1202 880 igitur
1238 825 1510 866 Heinrichius

19 925 119 954 cum
148 925 221 952 sua
250 911 380 963 ipsius
409 909 616 950 sententia
652 908 709 947 ita
740 908 964 947 conciliare
1004 912 1176 947 conatus
1206 911 1293 955 est,
1334 910 1381 947 ut
1411 906 1511 947 Chi-

22 1005 170 1032 ronem
199 991 315 1030 illum
346 993 492 1043 quater
521 987 573 1029 ab
604 989 820 1029 Athenaeo
850 986 1062 1026 laudatum
1093 987 1351 1027 comoediam
1381 986 1514 1027 fuisse

22 1074 219 1123 negaret,
260 1069 336 1109 sed
365 1082 415 1108 ex
445 1081 495 1108 eo
526 1066 694 1120 poesios
727 1079 905 1119 genere,
936 1066 1047 1117 quod
1076 1065 1189 1105 haud
1218 1066 1361 1118 inepte
1390 1079 1512 1118 prae-

27 1150 238 1203 ceptivum
264 1147 426 1189 vocavit
455 1148 518 1187 vir
547 1146 824 1195 doctissimus,
854 1145 985 1184 fuisse
1015 1145 1094 1184 sibi
1123 1122 1421 1198 persuadet-eb
1450 1146 1514 1186 id-

25 1240 110 1280 que
146 1226 304 1278 colligit
348 1239 399 1266 ex
445 1239 522 1276 eo,
558 1226 670 1277 quod
702 1226 820 1278 prius
857 1224 964 1264 illud
994 1223 1191 1264 Chironis
1232 1224 1514 1277 fragmentum

22 1306 134 1347 libro
177 1305 280 1347 Vm
319 1309 532 1345 servatum
576 1305 775 1344 heroicis
798 1304 987 1343 versibus
1025 1304 1159 1356 iisque
1188 1305 1515 1360 παραινετικοῖς

24 1389 71 1425 et
99 1385 152 1424 ad
171 1384 347 1424 Hesiodi
379 1385 638 1437 aliorumque
669 1384 966 1424 didacticorum
997 1387 1212 1436 poetarum
1242 1385 1515 1427 imitationem

23 1463 150 1506 tactis
180 1467 427 1516 conceptum
456 1464 523 1505 sit.
560 1465 680 1505 Haec
708 1477 786 1517 per
814 1477 859 1504 se
890 1463 1055 1515 quidem
1085 1477 1168 1504 non
1198 1465 1342 1518 inepte
1373 1466 1514 1519 dispu-

21 1547 114 1589 tata
151 1543 284 1583 videri
325 1548 521 1595 possunt3
562 1545 596 1584 si
627 1543 718 1596 quis
749 1548 887 1583 autem
917 1545 1195 1598 reputaverit,
1233 1544 1365 1585 fuisse
1405 1545 1515 1585 inter

24 1627 193 1667 &veteres
223 1623 402 1672 criticos,
434 1625 503 1676 qui
533 1624 670 1677 ipsum
698 1624 817 1666 illum
837 1624 1078 1674 Chironem,
1109 1623 1162 1664 de
1193 1625 1311 1664 cuius
1343 1629 1515 1666 auctore

23 1701 262 1743 ‘dubitatum
292 1702 425 1743 fuisse
441 1703 632 1753 vidimus,
662 1703 921 1753 Pherecrati,
939 1703 983 1743 h.
1002 1716 1038 1743 e.
1070 1704 1228 1744 comico
1258 1709 1410 1757 poetae
1441 1705 1516 1745 tri-

25 1780 242 1827 tbuendum
272 1786 506 1833 censerent,
536 1784 653 1823 cuius
683 1783 886 1823 industria
907 1783 956 1823 in
983 1783 1108 1836 longe
1139 1783 1223 1822 alio
1248 1784 1414 1836 poesios
1443 1797 1519 1837 ge-

34 1871 158 1910 nere,
197 1873 319 1913 quam
349 1863 459 1914 quod
499 1875 593 1903 cum
623 1862 850 1912 didnctico,
889 1863 1009 1915 quale
1040 1863 1233 1903 Chironis
1273 1863 1404 1904 fuisse
1444 1865 1518 1905 de-

27 1938 144 1991 huit,
191 1947 436 1993 argumento
474 1942 629 1995 aliquid
666 1943 967 1982 communionis
1004 1942 1176 1991 habeat,
1218 1944 1516 1995 elaboraverit3

27 2030 157 2072 -porro
187 2020 223 2060 si
252 2033 303 2060 eo
333 2021 516 2061 animum
546 2021 757 2071 advertat,
798 2022 990 2061 Chironis
1020 2021 1254 2076 fragmenta
1284 2025 1418 2063 tribus
1447 2037 1518 2064 re-

28 2096 158 2150 diquis
186 2099 390 2140 Athenaei
419 2101 522 2140 locis
554 2103 741 2151 servata,
779 2113 873 2142 cum
904 2106 946 2142 et
974 2103 1174 2143 trimetris
1205 2107 1406 2156 conce-pta
1436 2105 1520 2144 sint

30 2175 218 2218 dambicis
256 2182 298 2217 et
333 2180 576 2220 vernilitatis
615 2182 799 2221 colorem
837 2181 1019 2222 habeant
1053 2183 1245 2234 antiquae
1276 2184 1519 2223 comoediae

35 2261 160 2310 poeta
189 2257 496 2309 dignissimum,
533 2260 624 2299 sine
659 2261 745 2300 ulla
775 2259 1033 2300 dubitatione
1063 2273 1114 2300 ex
1144 2262 1359 2300 comoedia
1387 2263 1521 2314 petita

31 2347 157 2375 esse:
185 2334 290 2376 haec
319 2337 456 2377 omnia
485 2338 522 2378 si
550 2338 640 2390 quis
670 2339 780 2391 apud
806 2339 986 2378 animum
1011 2339 1294 2393 perpenderit,
1326 2342 1519 2393 equidem
1598 2382 1604 2386 ,

38 2413 179 2453 nullus
209 2413 367 2463 dubito,
397 2417 495 2467 quin
523 2417 637 2456 illam
654 2418 890 2457 Heinrichii
920 2420 1200 2459 coniecturam
1228 2433 1282 2460 ne
1310 2420 1519 2462 levissima

35 2491 208 2543 -quidem
238 2494 539 2545 probabilitatis
569 2495 710 2548 specie
741 2497 1124 2546 commendabiiem‚
1154 2498 1228 2538 sed
1245 2512 1418 2551 prorsus
1447 2513 1518 2540 va-

9 2581 139 2612 unnam
164 2569 411 2625 inanemque
440 2586 533 2614 esse
562 2573 780 2628 intelligat.
817 2575 924 2616 Nam
952 2577 1063 2628 quod
1097 2578 1274 2618 iambica
1303 2579 1375 2619 illa
1403 2578 1519 2632 frag-

34 2653 184 2690 :menta
205 2650 257 2690 ab
281 2651 497 2694 Athenaeo
531 2665 626 2694 cum
655 2654 802 2695 eadem
829 2653 978 2695 incerti
1007 2657 1186 2698 auctoris
1215 2658 1520 2711 significatione

45 2728 204 2780 prolata
241 2741 290 2768 ex
326 2729 414 2783 veri
452 2735 495 2771 et
531 2733 700 2785 genuini
730 2733 993 2777 Pherecratio
1031 2735 1217 2777 Chirone
1256 2738 1344 2777 sive
1381 2737 1520 2790 Agriis
