1702 3190
688 152 818 182 curi:
824 152 859 181 s.
1464 137 1524 180 69

0 269 2 310 ς
43 255 226 299 utinam
254 254 518 303 docebimus,
556 252 798 294 comoediae
831 254 1012 305 poetam.
1078 249 1141 298 De
1176 253 1316 292 'aetate
1344 252 1525 293 emens

0 320 2 374 3
43 336 86 379 ,si
126 335 360 388 quaeritur,
390 333 698 374 Groddeckium
733 332 847 372 nist.
878 331 988 372 nter.
1027 343 1070 382 p.
1101 331 1198 379 160,
1235 332 1306 383 qni
1342 330 1525 373 Persici·

0 403 1 406 Ἴ
45 427 145 457 eum
173 414 296 455 bellis
325 413 584 466 superiorem
613 411 744 451 fuisse
779 411 921 464 fingit,
957 410 1133 450 meliora
1170 410 1324 449 docere
1360 413 1527 463 poterat

48 494 348 546 Aristophanes
378 492 519 544 Equit.
549 490 634 530 534
663 502 724 541 sq.
764 493 860 542 post
889 488 1104 529 Cratinum
1141 501 1237 529 eum
1273 501 1526 530 commemo·

48 584 168 621 rans,
199 573 316 613 euius
347 584 442 612 eum
471 571 715 610 histrionem
749 568 880 609 fuisse
909 568 1035 608 tradit
1064 568 1116 608 ad
1145 567 1437 619 Aristophanis
1461 568 1527 608 Io·
1595 579 1598 582 ·

46 664 145 693 cum
189 651 460 692 Scholiastes:
489 643 722 703 κωμῳδίας
762 636 820 697 ἦν
865 641 1063 697 ποιητής,
1109 639 1158 694 ὃς
1202 643 1371 701 πρῶτος
1413 646 1526 699 (leg.

49 727 252 784 πρῶτον)
296 723 557 782 ὑπεκρίνατο
599 722 714 777 (τὰ)
761 723 998 781 Κρατίνου,
1043 722 1120 766 καὶ
1162 720 1298 773 αὐτὸς
1342 721 1529 774 ποιητὴς

47 801 228 864 ὕστερον
256 805 438 861 ἐγένετο.
497 808 655 859 Quibus
683 807 811 858 iunge
839 807 1044 860 Anonym.
1076 807 1129 847 de
1159 807 1277 847 Com.
1313 818 1356 858 p.
1386 804 1528 846 XXIX

47 886 204 929 τοῦτον
233 883 472 941 ὑποκριτήν
500 897 618 941 φασι
644 882 869 938 γεγονέναι
898 882 948 925 τὸ
979 883 1162 940 πρῶτον,
1193 879 1241 933 ὃς
1266 883 1528 937 ἐπιβέβληκε

50 963 272 1023 Κρατίνῳ.
329 967 521 1019 Denique
549 968 596 1006 ut
626 965 758 1005 omnis
789 964 990 1005 dubitatio
1021 965 1204 1014 tollatur,
1235 966 1443 1007 Eusebius
1474 965 1528 1005 nd

50 1045 726 1101 Olymp.LXXXII‚4adscripsit:
746 1045 1198 1085 Crates-comicus
1228 1045 1528 1087 etPraxilla

50 1124 1530 1178 (sicenimlegendumproTelesilla)cognoscebantur-,Docuit

49 1205 178 1259 igitur
205 1205 380 1257 primam
408 1203 591 1244 fabulam
608 1204 753 1243 Crates
778 1202 943 1254 Olymp.
961 1202 1170 1251 LXXXII,
1192 1202 1234 1251 4,
1264 1215 1401 1254 neque
1431 1216 1530 1248 eum

25 1284 159 1324 ‘ultra
196 1283 361 1336 Olymp.
390 1282 661 1330 LXXXVIII,
691 1281 719 1321 4
767 1281 918 1321 vixisse
955 1280 1077 1321 docet
1113 1281 1403 1335 Aristophanis
1439 1283 1470 1324 l.
1498 1284 1530 1325 l.

21 1362 137 1404 2—Sed
165 1361 474 1403 Groddeckium
503 1362 679 1410 seduxit,
709 1360 751 1400 ni
780 1360 918 1409 fallor,
947 1359 1185 1402 Aristotelis
1212 1360 1332 1402 locus
1361 1363 1415 1404 de
1437 1363 1531 1405 Art.

20 1439 39 1466 ³*
52 1439 173 1488 Poet.
187 1441 239 1490 V,
263 1439 306 1490 5,
334 1440 378 1481 in
405 1453 486 1494 quo
516 1442 574 1482 ita
603 1443 950 1483 commemoratur
979 1442 1138 1490 Crates,
1168 1445 1228 1492 ut,
1258 1443 1339 1483 nisi
1366 1445 1447 1485 alia
1475 1444 1532 1486 de

31 1521 231 1568 *Cratetis
261 1523 397 1560 aetate
425 1520 577 1562 indicia
614 1520 887 1570 haberemus,
924 1533 1007 1561 non
1038 1521 1212 1562 mirarer
1240 1524 1456 1576 equidem,
1493 1524 1532 1566 si

55 1599 146 1656 quis
181 1599 295 1646 hunc
332 1600 501 1640 Cratino
540 1600 801 1652 superiorem
839 1600 970 1641 fuisse
1006 1600 1084 1641 sibi
1117 1603 1414 1654 persuaderet:
1452 1599 1534 1645 τοῦ

38 1675 110 1728 δὲ
128 1673 305 1733 μύθους
341 1678 481 1718 ποιεῖν
515 1672 791 1734 Ἐπίχαρμος
818 1678 894 1719 καὶ
938 1674 1111 1734 Φόρμις
1148 1669 1302 1735 ἦρξαν.
1361 1679 1414 1724 τὸ
1450 1684 1533 1738 μὲν

56 1746 135 1798 οὗν
165 1755 337 1812 πρῶτον
373 1755 419 1798 ἐκ
455 1754 659 1809 Σικελίας
687 1748 819 1808 ἦλθε.
880 1756 968 1800 τῶν
1003 1757 1050 1798 δὲ
1082 1754 1323 1812 Ἀθήνησι
1351 1760 1536 1817 Κράτης

58 1834 220 1891 πρῶτος
248 1826 396 1891 ἦρξεν,
433 1833 651 1892 ἀφέμενος
685 1838 763 1889 τῆς
793 1833 1002 1892 ἰαμβικῆς
1039 1832 1179 1892 ἰδέας,
1219 1835 1425 1883 καθόλου
1454 1838 1534 1883 λό-

57 1928 157 1969 γους
184 1911 214 1967 ἢ
239 1913 416 1971 μύθους
444 1918 597 1961 ποιεῖν.
662 1921 747 1961 Ubi
784 1920 854 1973 qui
889 1913 1012 1972 λόγοι
1040 1912 1069 1968 ἢ
1097 1918 1244 1972 μῦθοι
1281 1934 1533 1963 commemo-

57 2001 221 2047 rantur,
257 1997 523 2038 Hermannus
564 1998 617 2039 de
647 1999 851 2042 eiusmodi
887 2001 1139 2052 argumentis
1179 2001 1384 2041 intellexit
1427 2015 1535 2055 quae

57 2076 258 2129 neglectis
295 2077 487 2119 conviciis
521 2078 847 2132 implicationem
884 2080 1062 2133 aliquam
1097 2084 1142 2121 et
1181 2082 1431 2123 solutionem
1460 2082 1536 2122 ha-

58 2153 228 2204 berent,
267 2155 350 2196 hoc
390 2163 454 2197 est
490 2158 544 2198 de
571 2158 723 2198 fabulis
752 2172 852 2199 vere
881 2159 965 2200 hoe
994 2162 1162 2202 nomine
1192 2161 1341 2214 dignis.
1410 2161 1539 2213 Atqui

30 2225 34 2229 ”
62 2233 265 2274 eiusmodi
302 2234 463 2276 fabulas
500 2249 626 2290 quum
663 2237 746 2278 iam
776 2239 990 2278 Cratinum
1027 2240 1071 2280 in
1110 2253 1276 2280 scenam
1313 2240 1539 2293 protulisse

63 2315 237 2368 constet,
263 2313 345 2353 nisi
375 2315 465 2367 quis
494 2317 618 2357 etiam
647 2317 757 2371 apud
773 2318 1044 2360 Aristotelem
1073 2331 1149 2372 pro
1180 2320 1349 2360 Cratete
1379 2320 1538 2360 Cratini

60 2401 213 2432 nomen
240 2391 389 2444 reponi
416 2394 531 2443 velit,
561 2395 638 2435 alia
666 2397 1019 2448 interpretationis
1048 2398 1113 2438 via
1141 2399 1321 2439 ineunda
1354 2402 1431 2440 est.
1475 2399 1539 2443 Aa

62 2464 162 2508 mihi
192 2469 358 2523 quidem
386 2471 469 2512 hoe
498 2474 746 2515 Aristoteles
775 2476 1008 2529 significare
1027 2477 1210 2519 voluisse
1228 2479 1408 2528 ridetur,
1443 2491 1538 2522 cum

63 2547 253 2594 Cratinus
290 2551 504 2603 ceterique
531 2555 784 2606 antiquiores
822 2556 970 2596 comici
1008 2562 1144 2598 certos
1174 2558 1374 2610 quosdam
1402 2558 1538 2601 homi-

61 2638 137 2667 nes
165 2627 208 2668 iu
235 2627 386 2670 fabulis
415 2631 501 2672 suis
531 2634 805 2686 exagitassent
831 2634 1070 2689 populoque
1097 2637 1296 2678 ridendos
1322 2638 1538 2691 propinas-

63 2709 179 2755 sent,
224 2708 434 2750 Cratetem
462 2711 640 2764 primum
669 2714 780 2768 apud
807 2715 1084 2759 Athenienses
1114 2718 1298 2761 extitisse
1337 2717 1407 2770 qui
1435 2717 1538 2772 Epi-
