1702 3190
662 164 874 194 cnacmus.
1425 150 1508 192 511

46 285 223 322 morem,
260 283 343 324 quo
372 274 523 325 poetae
551 267 591 309 in
623 267 879 309 declarandis
908 267 1123 308 sententiis
1153 280 1235 309 non
1263 268 1440 322 simplici
1469 273 1514 309 et

44 354 164 408 plano
179 351 342 392 dicendi
373 363 542 404 genere,
573 349 647 389 sed
677 346 865 388 obscuris
894 347 1117 387 verborum
1148 348 1389 402 ambagibus
1419 355 1513 390 ute-

27 431 204 474 vantur.
273 431 395 483 Quod
435 430 556 483 quale
594 430 648 468 sit
687 428 843 481 optime
887 427 1037 466 docent
1078 428 1267 480 exempla
1309 441 1359 469 ex
1401 429 1514 470 lonis

43 512 312 553 Theodectae
329 509 554 563 Agathonis
587 510 842 560 aliorumque
872 506 1121 558 tragicorum
1143 505 1296 547 fabulis
1314 509 1365 548 ab
1380 509 1515 549 Athe-

0 626 2 631 ,
45 603 150 632 naeo
180 591 218 630 X
247 603 288 643 p.
318 589 398 629 451
417 588 442 627 (l
471 613 528 620 --
555 601 596 641 p.
627 586 711 626 455
729 586 752 625 f
776 585 938 624 curiose
969 584 1157 625 collecta.
1199 586 1293 627 Hoc
1322 591 1514 630 tortuoso

45 669 295 711 artificiosae
335 666 530 707 orationis
567 677 723 718 genere
765 665 986 705 Carcinum
1040 665 1228 718 inprimis
1261 666 1514 708 delectatum

0 773 3 799 Ι
45 761 154 797 esse,
183 748 247 786 vel
277 746 546 800 proverbialis
575 745 645 784 illa
675 743 802 783 dictio
834 744 986 783 docere
1016 750 1156 796 potest
1187 758 1268 799 qua
1290 742 1515 800 Καρκίνου

0 855 4 881 Ι
43 821 271 879 ποιήματα
301 825 542 865 dicebantur
572 824 752 864 carmina
771 825 1015 877 quibusdam
1036 825 1258 866 verborum
1287 826 1515 868 involucris

43 906 274 947 obscurata.
344 905 404 944 lta
435 903 608 944 Photius
644 902 673 943 l.
704 903 733 943 l.
773 900 1002 957 Καρκίνου
1038 898 1291 957 noemam:
1331 904 1518 946 Μέναν-

0 970 5 1042 l
44 981 149 1040 δρος
190 980 507 1038 Ψευδηρακλεῖ,
545 974 862 1035 αἰνιγματώδη.
932 984 996 1024 Ac
1030 983 1171 1024 nescio
1209 998 1262 1026 an
1299 986 1342 1026 id
1378 987 1515 1040 ipsum

0 1073 2 1080 ⁸
44 1065 87 1106 in
125 1064 288 1106 Carcini
324 1065 440 1118 poesi
482 1068 628 1104 notare
664 1062 842 1102 voluerit
879 1063 1163 1116 Stratonicus,
1211 1065 1281 1118 qui
1319 1061 1517 1122 ᾄσαντος

45 1156 163 1193 τινος
191 1139 318 1198 ἤρετο
348 1138 465 1190 τίνος
493 1139 543 1181 τὸ
571 1140 714 1195 μέλος,
745 1135 949 1191 εἰπόντος
977 1138 1028 1183 δ’
1051 1137 1120 1184 ὅτι
1148 1142 1388 1200 Καρκίνου,
1418 1146 1516 1188 Πο-

44 1220 100 1266 λύ
128 1238 175 1277 2¹⁶
202 1221 384 1279 μᾶλλον,
415 1220 512 1277 ἔᾳη,
545 1216 572 1272 ἢ
603 1217 852 1276 ἀνθρώπου
882 1225 1034 1265 Athen.
1059 1226 1160 1267 VIII
1186 1240 1229 1279 p.
1259 1226 1342 1267 351
1362 1226 1395 1268 f.
1425 1227 1516 1270 Cfr.

38 1318 169 1359 supra
210 1319 251 1358 p.
282 1305 379 1345 285.
447 1304 493 1343 ln
522 1304 574 1342 iis
605 1310 741 1344 tamen
780 1317 885 1356 quae
916 1305 968 1344 ad
999 1311 1180 1346 nostram
1211 1311 1388 1348 aetatem
1419 1321 1517 1361 per-

42 1399 196 1426 venere
236 1383 501 1437 fragmentiS,
540 1384 684 1436 paucis
714 1384 793 1424 illis
826 1385 994 1437 quidem
1032 1390 1088 1436 et,
1119 1386 1154 1426 si
1194 1387 1312 1427 illum
1342 1386 1516 1428 Diodori

45 1465 181 1506 locum
218 1464 421 1516 excipiam„
451 1463 587 1515 exigui
618 1465 822 1514 ambitus,
852 1465 950 1504 satis
980 1466 1155 1518 simplex
1185 1467 1518 1520 deprehenditur

8 1551 9 1555 ’
42 1543 244 1584 orationis
275 1542 389 1582 color
417 1545 460 1581 et
487 1543 705 1596 Euripidei
734 1545 964 1593 sermonis,
1005 1546 1056 1586 ad
1087 1547 1204 1586 cuius
1241 1547 1518 1589 imitationem

48 1636 140 1665 sese
169 1621 448 1674 composuisse
488 1621 680 1674 videtur,
717 1625 964 1665 simillimus.
1033 1626 1118 1666 Sed
1154 1633 1345 1668 revertor
1373 1628 1427 1668 ad
1454 1626 1518 1669 fa·

0 1758 1 1762 ¹
48 1702 166 1743 bulas
196 1701 380 1752 Gareiui,
412 1703 522 1743 inter
562 1715 662 1756 quas
692 1703 763 1756 qui
793 1698 998 1757 Κύπριον
1034 1710 1286 1759 receperunt
1321 1712 1520 1762 corrupto

49 1782 250 1835 Hesychii
279 1781 371 1823 loco
401 1782 546 1823 confisi
576 1787 692 1834 sunt,
731 1783 801 1836 qui
840 1784 882 1824 in
924 1784 1068 1824 codice
1105 1791 1222 1827 recte
1256 1786 1315 1827 ita
1343 1787 1428 1842 legi
1458 1787 1518 1829 vi-

37 1861 192 1907 fletur:
223 1855 424 1914 Ἀλάβηε
456 1857 616 1914 λιγνύς,
647 1858 825 1913 σποδός,
856 1861 1060 1918 καρκίνος
1095 1867 1180 1917 ¹⁰).
1229 1861 1316 1907 ὑπὸ
1346 1865 1393 1907 δὲ
1427 1865 1522 1908 Kva

0 1990 3 2000 ι
50 1937 190 1996 πρίων
223 1937 402 1996 μαρίλη.
469 1942 637 1983 Plutum
666 1942 738 1995 qui
769 1944 932 1984 Carcini
959 1944 1110 1987 fabulis
1139 1947 1384 1988 adnumerat
1412 1948 1521 1990 Vos-

0 2045 2 2061 ι
48 2022 134 2064 sius
171 2023 224 2062 de
261 2023 381 2063 Poe't.
421 2023 568 2062 Graec.
606 2035 648 2075 p.
678 2023 748 2072 49,
798 2024 1017 2065 Carcinum
1059 2026 1247 2067 confudit
1285 2040 1380 2068 cum
1417 2029 1522 2068 Cra-

0 2142 1 2147 ,
48 2101 160 2151 tino,
195 2101 239 2140 id
275 2102 386 2153 quod
423 2101 600 2142 librariis
637 2103 761 2142 etiam
797 2103 946 2142 accidit
982 2104 1025 2143 in
1067 2105 1274 2145 Athenaei
1304 2105 1323 2146 1
1351 2120 1394 2159 p.
1424 2107 1523 2148 2222

52 2182 97 2221 et
122 2178 296 2232 XIII-p.
323 2180 408 2220 566
425 2193 462 2221 e.
530 2180 807 2232 Mongitorius
848 2182 953 2222 adeo
993 2195 1099 2223 nova
1138 2188 1303 2237 poetam
1332 2189 1523 2227 nostrum

8 2243 15 2319 l
54 2259 192 2300 beavit
231 2259 391 2311 fabula,
431 2263 536 2313 quae
565 2260 718 2313 scripta
747 2259 877 2301 fuerit
904 2262 945 2302 in
974 2275 1097 2303 senes
1127 2263 1198 2316 qui
1227 2264 1388 2317 puellas
1418 2277 1522 2306 uxo-

9 2335 16 2394 ξ
55 2351 123 2380 res
167 2339 334 2381 ducunt.
398 2340 667 2394 Magnificum
717 2353 816 2381 sane
858 2342 1099 2394 tragoediae
1147 2349 1435 2396 argumentum
1477 2349 1523 2387 et

10 2413 17 2467 ἱ
58 2417 260 2473 cecropio
290 2419 492 2462 cothurno
523 2421 829 2474 dignissimum!
883 2422 975 2463 Sed
1011 2421 1054 2462 in
1086 2423 1328 2477 explicanda
1356 2423 1521 2466 Carcini

120 2650 189 2702 ¹⁰)
225 2650 281 2692 Η.
322 2665 359 2693 e.
394 2654 712 2696 instrumentum
748 2656 922 2706 fabrile,
961 2669 1042 2710 quo
1082 2666 1207 2698 sensu
1247 2671 1271 2698 a
1309 2655 1521 2697 nonnullis

166 2702 365 2762 κάρκινῠς
391 2712 515 2754 scribi
541 2687 1029 2758 annotavitllerodiauus
1044 2715 1142 2756 dict.
1161 2715 1270 2757 solit.
1301 2727 1343 2767 p.
1359 2714 1430 2763 20,
1446 2713 1523 2761 21.-
