1702 3190
214 173 272 213 80
787 178 1090 208 Pannona-130.

216 283 369 322 tionem
399 277 592 331 legissem
628 277 774 328 incidi,
811 291 958 318 recens
993 282 1080 318 tum
1108 277 1219 319 forte
1247 293 1271 320 a
1299 280 1476 321 lectione
1504 281 1661 322 Libanii

218 359 330 398 Orat.
362 357 421 395 111
457 370 497 408 p.
529 358 647 396 1080
687 357 752 396 ed.
783 358 892 397 Mor.
926 351 1179 409 Κενταύρου
1216 356 1343 410 σῶμα
1381 356 1549 412 διφυές,
1589 357 1663 397 καὶ

217 433 379 488 τροφέα
404 429 742 486 μιξάνθρωπον,
771 434 847 472 καὶ
873 430 1042 487 τροφὴν
1069 431 1394 487 ἐξηγριωμένην.
1451 436 1563 475 Idem
1588 448 1676 487 po-,

216 517 304 552 stea
334 513 454 551 etiam
485 513 668 551 Iacobsio
697 513 739 550 in
770 516 947 551 mentem
977 512 1088 551 venit
1117 511 1167 550 ad
1198 513 1363 552 Anthol.
1394 513 1522 552 Palat.
1548 513 1607 551 111
1635 513 1663 551 2

215 603 257 642 p.
286 590 381 629 80⁰.
450 589 533 629 Sed
569 589 740 638 frustra,
780 594 826 628 ut
866 591 1055 642 equidem
1085 590 1279 638 arbitror3
1317 584 1664 642 μισανθρώπους

215 668 258 707 in
297 667 369 706 illo
407 667 586 706 Platonis
623 668 714 706 loco
757 668 874 717 satis,
905 668 1070 718 opinor,
1100 671 1240 705 tuetur
1268 667 1519 706 Themistius
1551 667 1662 706 Orat.

216 743 352 785 XXVI
381 758 421 795 p.
452 745 582 784 3230
613 745 677 784 ed.
702 745 830 784 Hard.
889 745 1084 796 Queritur
1113 757 1162 783 eo
1191 744 1282 782 loco
1313 744 1503 796 Sophista
1534 745 1662 783 diser-

216 823 414 870 tissimus,
456 835 545 860 esse
584 822 779 872 quosdam
817 822 886 872 qui
921 822 1109 861 homines
1144 822 1201 861 ita
1241 835 1265 860 a
1294 822 1371 860 deo
1403 826 1561 862 creatos
1602 822 1663 861 di-

217 903 329 948 cant,
369 903 414 938 ut
453 903 594 938 mutuo
632 912 771 938 amore
810 903 851 938 et
887 900 1199 938 benevolentiae
1238 899 1534 950 significatione
1571 913 1664 939 sese

216 979 534 1029 prosequantur,
572 989 664 1016 cum
700 980 837 1015 tamen
872 977 951 1028 ipsi
979 976 1282 1015 inhumanitatis
1311 977 1463 1015 crimen
1493 979 1666 1017 subeant

216 1055 472 1105 turpissime;
510 1054 676 1093 eosdem
717 1054 883 1092 laudare
911 1054 1225 1102 Prometheum,
1262 1054 1372 1104 quod
1400 1054 1584 1095 homines
1614 1058 1665 1098 ad

217 1131 455 1172 societatem
471 1132 647 1179 finxerit,
678 1124 836 1175 αὐτοὺς
864 1127 910 1168 δὲ
935 1123 1147 1181 ἰλλιγγιᾶν
1170 1126 1278 1183 πρὸς
1305 1126 1356 1169 τὸ
1385 1130 1560 1181 πλῆθος
1587 1146 1668 1173 κα-

216 1204 367 1261 θάπερ
395 1204 495 1254 τοὺς
520 1201 740 1260 Ἀγριόυς,
770 1201 844 1253 οὕς
871 1203 1042 1256 ἐδίδαξε
1061 1202 1345 1262 Φερεκράτης,
1360 1209 1403 1249 h.
1420 1224 1456 1249 e.
1469 1212 1580 1262 ipsos
1592 1225 1664 1252 au-

217 1291 301 1326 tem
333 1286 551 1337 Agriorum
580 1287 732 1333 instar,
762 1297 862 1335 quos
894 1285 1163 1325 Pherecrates
1191 1286 1234 1326 in
1271 1300 1432 1326 scenam
1461 1289 1663 1339 produxit,
1693 1315 1698 1317 -

217 1365 461 1415 simulatque
503 1363 546 1403 in
585 1363 795 1402 hominum
839 1364 1076 1403 societatem
1114 1365 1424 1415 protrahantur,
1467 1368 1691 1419 vertigine¹

218 1443 391 1495 quadam
431 1441 581 1492 corripi
617 1444 658 1479 et
695 1440 738 1479 in
781 1440 914 1479 media
949 1441 1042 1479 luce
1077 1442 1294 1481 caecutire.
1361 1442 1399 1482 Is
1437 1444 1545 1484 enim
1573 1445 1665 1486 fere
1694 1452 1697 1477 1

218 1533 364 1561 sensus
395 1523 456 1558 est
485 1519 599 1557 verbi
629 1511 838 1569 ἰλιγγιᾶν,
872 1518 924 1557 de
953 1530 1033 1569 quo
1065 1519 1223 1558 erudite
1254 1519 1472 1571 disputavit
1501 1522 1666 1563 Pierso-

218 1609 294 1639 nus
324 1596 376 1636 ad
404 1596 539 1635 Moer.
568 1609 608 1648 p.
640 1596 735 1635 197.
792 1596 855 1635 Ex
882 1595 948 1634 his
977 1595 1236 1635 manifestum
1267 1600 1349 1646 est,
1379 1598 1667 1642 Pherecratem

213 1670 422 1730 ’Λργίους
462 1686 556 1713 suos
585 1674 760 1725 intelligi
789 1674 966 1713 voluisse
1004 1685 1085 1712 non
1113 1673 1298 1725 profecto
1329 1676 1544 1716 semiferos
1571 1678 1666 1718 illos

219 1753 545 1804 Centaur0s³⁶)‚
574 1753 647 1792 sed
675 1752 862 1791 homines
891 1750 1095 1790 solitarios
1127 1755 1170 1790 et
1198 1753 1247 1792 ab
1278 1753 1449 1793 aliorum
1469 1755 1665 1795 societate

217 1834 410 1880 remotos,
439 1830 616 1881 ideoque
646 1842 829 1869 morosos
859 1832 901 1868 et
929 1829 982 1868 ad
1008 1829 1179 1868 aliorum
1195 1832 1431 1883 adspectum
1460 1833 1667 1884 trepidan-

217 1913 294 1958 tes,
324 1909 490 1948 eosdem
518 1907 639 1946 irasci
666 1906 809 1947 faciles
846 1910 888 1946 et
925 1909 1195 1947 contumaces.
1259 1908 1320 1948 Ita
1355 1909 1480 1961 igitur
1510 1909 1666 1949 Phere-
1701 1950 1702 1968 ἶ

218 1991 351 2029 crates
381 1986 527 2026 eodem
554 1985 646 2025 fere
675 1986 797 2025 modo
831 1979 1041 2039 Ἀργίους
1069 1998 1164 2025 suos
1193 1985 1437 2026 informasse
1463 1988 1666 2038 putandus
1697 1975 1702 2023 f

218 2070 300 2115 est,
340 2068 387 2104 ut
434 2063 693 2115 Phrynichus
738 2057 1032 2117 Μονὸτροπον
1072 2076 1191 2104 suum
1235 2063 1528 2105 introduxerat.
1596 2059 1696 2105 Sic⁴

218 2143 328 2183 enim
369 2141 442 2181 ille
482 2140 535 2186 de
574 2144 707 2182 semet
752 2142 843 2194 ipso
879 2142 1060 2196 loquitur
1093 2129 1202 2194 apud
1238 2141 1458 2182 Grammat.
1494 2141 1668 2195 Seguer,
1695 2144 1702 2198 'f'

217 2234 258 2275 p.
287 2218 356 2259 35.
1690 2222 1698 2250 5

248 2403 320 2454 ³⁶)
348 2401 512 2443 Vellem
542 2399 750 2440 docuisset
784 2400 847 2440 vir
883 2401 933 2441 cl.
973 2413 1053 2454 quo
1089 2400 1231 2440 habitu
1261 2400 1485 2440 Centauros
1512 2402 1612 2443 istos
1640 2385 1691 2447 ⁸53¹

327 2461 450 2523 pooeta
478 2457 521 2495 in
549 2469 712 2495 scenam
741 2457 962 2508 productos
992 2471 1082 2497 esse
1111 2457 1186 2497 sihi
1221 2456 1403 2495 finxerit.
1446 2456 1480 2495 si
1508 2458 1702 2498 Home-

326 2513 429 2560 rico,
457 2511 558 2550 fecit
572 2512 842 2552 Pherecrates
871 2516 1011 2552 contra
1039 2525 1138 2552 suae
1166 2510 1308 2550 aetatis
1336 2514 1702 2564 persuasionem,;·t

326 2567 390 2606 sin
417 2542 551 2606 ’ferino
580 2568 651 2606 illo
682 2571 724 2606 et
755 2568 931 2617 biformi,
961 2568 1150 2620 equidem
1179 2578 1245 2605 me
1273 2566 1407 2605 vereri
1434 2566 1588 2619 fateor,
1617 2573 1702 2632 ιιῃι

328 2622 505 2718 millium
529 2626 803 2666 monstrorum
844 2624 994 2665 chorus
1045 2621 1363 2665 Atheniensibus
1414 2627 1701 2678 magnoperet

257 2718 259 2721 ,
325 2690 353 2735 p
394 2677 538 2718 cuerit.
