1702 3190
214 198 243 237 ῦ
784 204 837 234 ms
867 203 1118 233 Auc’romuus

218 307 353 360 egisse
381 304 638 357 scriptorem.
673 303 902 345 Scholiasta
930 302 1140 355 Aristoph.
1163 283 1243 344 Av.
1275 304 1384 344 1386
1412 305 1583 357 (1379)
1611 301 1670 344 εἴ-

220 394 351 437 ρηται
381 378 428 420 δὲ
455 378 553 434 περὶ
579 374 717 421 αὐτοῦ
745 368 969 432 (Cinesiam
998 383 1162 432 poetam
1191 381 1307 433 dicit)
1336 379 1382 420 ἐν
1409 376 1668 434 Βατράχοις·

216 455 241 499 ὁ
270 456 317 498 δὲ
349 452 660 512 Ἀριστοτέλης
697 457 744 499 ἐν
779 458 876 506 ταῖς
911 452 1224 504 Διδασκαλίαις
1262 453 1342 497 δύο
1379 458 1516 512 φησὶν
1551 471 1671 510 γεγο-

216 535 352 577 νέναι.
415 536 501 576 Sed
537 550 591 577 ne
637 538 733 578 talia
769 538 933 590 quidem
970 536 1151 588 attigisse
1189 535 1352 574 videtur
1386 537 1464 574 nisi
1492 537 1673 575 breviter

219 615 332 655 etin
361 616 609 655 transcursu.
674 616 789 666 Quae
824 617 1039 666 praeterea
1077 627 1101 653 e
1131 612 1370 653 Didascaliis
1407 613 1459 652 ad
1497 614 1672 654 comicas

216 690 377 732 fabulas
406 692 631 742 spectantia
659 695 819 731 servata
846 694 940 731 sunt
969 691 1060 731 vide
1090 690 1198 742 apud
1227 690 1422 729 Photium
1446 690 1544 730 Lex.
1570 703 1604 731 s.
1632 703 1672 732 v.

220 761 326 807 ὄνου
354 764 455 807 σκιὰ
482 780 524 820 p.
552 769 649 818 338,
678 769 732 809 18
773 762 1084 821 Ἀριστοτέλης
1113 764 1159 805 δὲ
1187 763 1234 805 ἐν
1261 762 1574 813 Διδασκαλίαις
1598 765 1675 806 καὶ

218 839 443 900 δράματός
470 855 587 892 τινος
615 843 731 900 φέρει
759 842 1006 899 ἐπιγραφήν
1026 840 1169 883 ’Ὄνου
1197 838 1346 894 σκιάν,
1385 857 1488 895 quae
1517 845 1568 884 ad
1596 844 1674 884 Ar-

219 923 415 975 chippum
443 926 644 975 spectant,
673 928 715 967 et
743 925 852 977 apud
880 922 1150 964 Scholiastam
1180 921 1362 960 Platonis
1381 921 1508 960 Bekk.
1522 934 1562 973 p.
1578 922 1674 970 33⁰,

218 1001 290 1042 ubi
319 1000 371 1040 ‹le
407 1013 513 1040 anno
556 1013 635 1053 quo
665 1001 950 1053 Aristophanis
981 997 1173 1039 Ciconiae
1208 1003 1250 1038 et
1272 998 1418 1038 Meleti
1448 998 1675 1050 Oedipodia

226 1082 343 1118 actae
371 1080 466 1117 sunt
504 1077 753 1129 disputatur,
796 1067 830 1132 ᾧ
858 1073 942 1116 ἔτει
969 1073 1014 1114 οἱ
1039 1072 1265 1128 Πελαργοὶ
1292 1069 1573 1113 ἐδιδάσκοντο
1600 1072 1677 1114 καὶ

219 1148 245 1192 ὁ
275 1151 478 1202 Μέλητος
499 1146 781 1192 Οἰδιπόδειαν
811 1149 974 1202 ἔθηκεν
1005 1152 1108 1205 (leg.
1123 1147 1354 1203 καθῆκεν),
1381 1145 1440 1198 ὥς
1463 1145 1677 1204 Ἀριστο-

218 1227 345 1279 τέλης
380 1226 711 1278 Διδασκαλίαις.
776 1231 1050 1283 Reliquorum
1086 1228 1332 1281 scriptorum
1373 1229 1484 1276 loca,
1529 1230 1676 1281 quibus

220 1307 440 1350 laudantur
479 1307 754 1358 Didascaliae,
806 1308 997 1360 apposuit
1039 1307 1304 1347 Casaubonus
1345 1306 1396 1347 ad
1436 1307 1588 1348 Athen.
1617 1307 1676 1350 vl

220 1397 264 1439 p.
279 1384 362 1425 235
378 1398 416 1434 e,
448 1398 498 1426 ex
526 1386 673 1437 quibus
701 1397 828 1426 unum
858 1398 1179 1426 commemorare
1202 1373 1315 1425 iuvat
1330 1385 1620 1437 Harpocrat.s.
1636 1397 1676 1425 v.

222 1456 486 1509 διδάσκαλος
527 1476 569 1516 p.
599 1463 682 1503 130
725 1454 794 1503 ὅτι
835 1457 860 1503 ὁ
901 1460 1168 1513 Παντακλῆς
1201 1457 1396 1513 ποιητής,
1441 1456 1679 1510 δεδήλωκεν

218 1535 534 1597 Ἀριστοτέλης
559 1537 607 1580 ἐν
633 1538 730 1588 ταῖς
756 1536 1092 1591 Διδασκαλίαις,
1133 1542 1249 1582 cuius
1292 1553 1371 1593 ope
1398 1540 1680 1592 redintegrare

221 1618 364 1660 licebit
390 1619 543 1661 veteris
571 1619 615 1660 ni
641 1619 765 1661 fallor
792 1619 879 1660 sive
905 1620 1182 1672 inscriptionis
1205 1620 1290 1659 sive
1324 1618 1567 1657 didascalice
1592 1616 1678 1657 fra-

222 1701 434 1749 gmentum
462 1696 572 1750 apud
593 1696 792 1750 Stephan.
808 1698 978 1751 Byzant.
1008 1710 1042 1739 s.
1071 1711 1110 1738 v.
1134 1691 1307 1746 Ἀτήνη
1336 1708 1377 1748 p.
1400 1695 1479 1735 191
1507 1688 1679 1743 Ἀτήνη

222 1769 363 1825 δῆμος
397 1768 676 1827 Ἀντιοχίδος
704 1772 845 1828 φυλῆς
883 1798 942 1807 -—-
976 1769 1001 1814 ὁ
1031 1769 1225 1827 δημότης
1249 1767 1474 1822 Ἀτηνεύς
1501 1769 1682 1826 Πατρο-

223 1847 328 1899 κλῆς
350 1845 565 1900 ’.Ατηνεύς
591 1845 784 1905 ἐχορήγει
809 1850 887 1891 καὶ
913 1850 1193 1902 ΙΙαντακλῆς.
1251 1853 1366 1903 Quae
1393 1851 1451 1890 ita
1467 1850 1558 1890 fere
1584 1850 1681 1891 red-

222 1928 466 1981 integranda
494 1933 611 1970 sunt=
645 1925 908 1983 Πατροκλῆς
927 1923 1141 1979 Ἀτηνεύς
1168 1924 1372 1984 ἐχορήγει,
1408 1921 1678 1981 [’Λντιοχ“ις]
1700 1944 1702 1986 j

222 2000 357 2054 ἐνίκα,
384 2004 654 2057 Παντακλῆς
682 2003 970 2060 [ἐδίδασκεν].
1031 2009 1115 2048 Ubi
1142 2011 1236 2061 post
1262 2002 1528 2053 Παντακλῆς
1556 2007 1699 2047 etiam,

225 2083 336 2125 demi
370 2097 522 2126 nomen
559 2087 724 2127 excidit.
789 2087 955 2128 Similes
992 2086 1135 2126 titulos
1173 2086 1267 2126 vide
1296 2083 1404 2137 apud
1427 2083 1702 2131 Boeckhiumi

224 2158 357 2202 Inscr.
389 2162 408 2202 1
436 2175 478 2215 p.
508 2162 605 2203 346.
660 2163 725 2204 De
754 2163 950 2205 Pantacle
977 2167 1101 2216 poeta
1128 2162 1204 2203 cfr.
1234 2163 1443 2215 Antiphon
1472 2161 1525 2201 de
1553 2160 1702 2219 Chol-,3

223 2239 336 2289 p.72
351 2239 454 2279 Bkk.
482 2240 691 2282 Adderem
717 2242 782 2283 his
809 2243 935 2283 alium
963 2240 1196 2283 Aristotelis
1225 2240 1389 2289 librum,
1418 2252 1539 2292 quem
1554 2220 1702 2282 Wou-,g

223 2315 373 2355 werius
399 2315 720 2358 Didascaliarum
748 2324 908 2372 partem
935 2319 1065 2360 fuisse
1094 2319 1335 2371 suspicatur,
1359 2319 1437 2358 nisi
1466 2319 1680 2368 corruptus
1690 2324 1702 2367 3

227 2394 337 2431 esset
374 2394 516 2445 scripti
551 2396 707 2436 titulus.
771 2397 980 2438 Laudatur
1014 2397 1065 2437 ab
1101 2397 1298 2437 Erotiano
1328 2396 1452 2449 gloss.
1479 2393 1678 2444 Hippocr-

225 2479 270 2520 p.
297 2469 396 2511 177.
429 2465 699 2524 Ἡρακλείης
726 2468 881 2515 νόσου;
909 2471 987 2523 τῆς
1022 2470 1278 2523 ἐπιληψίας,
1316 2466 1391 2509 διὰ
1425 2465 1475 2508 τὸ
1505 2462 1690 2524 ἰσχυρὸν.

226 2541 307 2584 τοῦ
327 2541 574 2598 νοσήματος
601 2549 678 2587 καὶ
700 2545 1110 2602 δυσκαταμάχητον,
1139 2543 1198 2595 αἷς
1224 2547 1438 2603 μαρτυρεῖ
1446 2546 1522 2587 καὶ
1548 2539 1693 2603 Ἀρι-ἶ1

226 2620 430 2671 στοτὲλης
469 2621 518 2663 ἕν
560 2623 650 2672 τοῖς
690 2624 924 2678 Κωμικοῖς.
1002 2628 1255 2678 Quamquam
1299 2625 1408 2678 quod
1445 2624 1692 2679 Stephanum]

229 2702 403 2740 coniecit
434 2706 474 2739 et
504 2702 742 2742 Charterius
769 2705 925 2756 recepit
953 2700 1000 2742 ἐν
1027 2702 1116 2749 τοῖς
1149 2701 1395 2751 Κτκλικοΐς,
1425 2703 1575 2743 nullam
1604 2702 1686 2741 lla-³
