1702 3190
43 415 286 484 Postquam
332 430 392 470 ita
429 439 575 468 eorum
612 427 829 479 poetarum
884 421 955 474 qul
1001 420 1211 471 antiquam
1257 418 1519 460 comoediam

35 511 303 553 illustrarunt
351 508 568 548 historiam
615 503 918 551 enarravimus,
956 502 1177 551 susceptae
1224 497 1519 551 disputationis

42 591 147 631 ordo
189 594 232 629 et
268 586 517 628 continuitas
556 583 608 623 ad
638 581 840 629 mediam,
877 592 1000 632 quam
1028 577 1241 618 veteribus
1271 578 1426 617 criticis
1456 578 1520 617 di-

41 682 141 711 cere
169 667 335 721 placuit,
366 663 620 703 comoediam
642 674 718 701 nos
736 659 863 709 ducit,
894 659 1011 699 cuius
1042 661 1222 697 aetatem
1250 657 1310 697 ita
1340 656 1520 697 definire

41 748 206 795 licebit,
243 749 289 785 ut
318 743 483 782 circiter
517 741 615 782 inde
653 739 703 780 ab
734 738 981 792 Olympiade
1010 737 1146 778 XCVI
1184 749 1319 788 usque
1358 737 1412 777 ad
1441 748 1521 790 pu-

35 839 162 880 gnam
193 824 530 864 Chaeronensem
568 820 612 862 h.
652 832 691 861 e.
730 819 783 860 ad
813 816 1102 871 Olympiadem
1134 814 1208 856 CX
1239 816 1266 856 3
1303 816 1521 869 pertinue-

37 905 123 945 rit,
172 902 310 943 Huius
346 900 491 940 aetatis
528 904 682 953 poetae
718 900 770 939 ab
800 900 1020 950 Anonymo
1050 895 1102 935 de
1132 908 1240 936 com.
1268 908 1312 948 p.
1338 894 1522 937 XXVIII

37 985 308 1024 numerantur
343 984 506 1034 septem
545 985 589 1019 et
618 978 935 1032 quinquaginta,
977 976 1147 1015 fabulae
1180 978 1320 1015 autem
1350 978 1523 1028 septen-

35 1061 173 1103 decim
200 1073 325 1113 supra
361 1063 599 1108 sexcentas,
635 1062 897 1111 repugnante
926 1055 1168 1104 Athenaeo,
1207 1053 1279 1107 qui
1315 1054 1388 1094 lib.
1417 1052 1523 1096 VIII

24 1144 82 1197 qi.
111 1140 231 1181 3361!
269 1153 315 1179 se
351 1139 446 1191 plus
485 1138 744 1191 octingentas
781 1136 945 1176 mediae
986 1134 1230 1175 comoediae
1267 1132 1431 1175 fabulas
1459 1133 1523 1174 le-

37 1221 149 1276 gisse
193 1219 398 1259 affirmat:
445 1213 630 1257 πλείονα
674 1214 751 1267 τῆς
793 1215 931 1269 μέσης
979 1213 1252 1268 καλουμένης
1288 1208 1525 1269 κωμῳδίας

37 1294 257 1352 ἀναγνοὺς
307 1292 521 1352 δράματα
563 1295 652 1335 τῶν
694 1290 970 1336 ὀκτακοσίων
1011 1293 1087 1334 καὶ
1129 1288 1301 1333 τούτων
1341 1288 1524 1346 ἐκλογὰς

30 1373 337 1432 ’ποιησάμενος
377 1372 429 1418 οὐ
466 1375 719 1431 περιέτυχον
761 1373 821 1432 τῷ
853 1368 1305 1429 Ἀσωτοδιδασκάλῳ.
1376 1373 1524 1426 Itaque

24 1459 262 1502 uidendum
303 1462 369 1498 est
402 1471 457 1499 ne
485 1459 749 1510 Anonymus‚
787 1455 1122 1496 accuratissimus
1159 1455 1340 1508 scriptor
1378 1458 1422 1495 et
1451 1453 1524 1508 qui

25 1539 206 1592 *optimis
244 1538 483 1578 auctoribus
523 1549 623 1577 usus
664 1541 752 1586 est,
789 1549 866 1589 pro
900 1531 983 1588 χιζ
1026 1534 1239 1587 scripserit
1277 1528 1363 1583 ωιζ
1399 1534 1444 1575 h.
1481 1546 1523 1576 e.

43 1618 296 1671 octingentas
334 1616 641 1671 septendecim,
678 1617 749 1669 qui
786 1628 984 1656 numerus
1025 1615 1107 1655 iam
1146 1627 1240 1654 cum
1280 1627 1355 1664 eo,
1396 1625 1523 1666 quem

41 1696 278 1738 Athenaeus
308 1697 460 1750 posuit,
491 1697 647 1750 optime
677 1697 915 1736 concordat.
974 1694 1060 1735 Sed
1088 1694 1215 1735 huius
1244 1694 1391 1734 aetatis
1419 1706 1524 1747 poe-

42 1778 106 1817 tas
133 1780 352 1829 antequam
385 1776 596 1829 sigillatim
623 1788 888 1826 recenseam,
928 1787 1034 1828 quae
1069 1773 1201 1814 fuerit
1229 1786 1374 1814 eorum
1402 1773 1525 1814 indo-

44 1855 109 1896 les
143 1859 186 1897 et
221 1856 327 1897 ratio
370 1856 555 1896 breviter
602 1867 870 1909 exponemus.
956 1855 1019 1895 Ac
1063 1854 1218 1895 veteris
1265 1853 1525 1903 comoediae,

44 1935 206 1988 qualem
244 1936 411 1988 quidem
450 1935 755 1984 florentissimis
795 1935 1053 1989 temporibus
1083 1934 1291 1988 cognitam
1318 1934 1524 1976 habemus

43 2013 159 2066 (nam
187 2027 287 2068 quas
314 2015 414 2056 inde
450 2014 544 2056 fere
574 2016 625 2055 ab
656 2015 924 2069 nonagesima
955 2014 1098 2068 quinta
1132 2014 1201 2054 vel
1229 2018 1346 2055 sexta
1378 2014 1524 2068 Olym-

39 2094 166 2148 piade
202 2094 393 2146 antiquae
431 2094 673 2135 comoediae
711 2100 903 2136 auctores
943 2095 1180 2135 docuerunt
1215 2094 1401 2145 fabulas,
1451 2107 1524 2136 eas

0 2172 2 2204 Ι
46 2173 98 2213 ab
133 2176 295 2212 vetusta
330 2174 403 2213 illa
439 2177 483 2212 et
516 2174 698 2225 genuina
738 2176 899 2216 ratione
937 2175 1191 2227 aliquantum
1241 2174 1525 2227 degenerasse

48 2254 94 2293 et
129 2251 182 2291 ad
218 2250 381 2291 mediae
425 2250 608 2291 indolem
653 2252 892 2294 comoediae
930 2253 1179 2305 compositas
1223 2252 1356 2293 fuisse
1397 2264 1524 2296 nemo

46 2330 280 2382 mirabitur)
307 2331 459 2370 veteris
487 2330 616 2383 igitur
645 2332 884 2373 comoediae
913 2332 1024 2372 hanc
1052 2332 1238 2373 indolem
1266 2331 1398 2373 fuisse
1420 2345 1522 2374 cou-

49 2412 154 2460 stat,
190 2413 238 2450 ut
265 2408 462 2462 quidquid
491 2409 544 2448 ad
571 2421 660 2450 rem
689 2411 896 2464 publicam
926 2412 1159 2466 pertineret
1194 2412 1272 2453 sub
1302 2424 1522 2455 censuram

2 2489 6 2537 st
49 2491 231 2540 vocaret,
257 2501 307 2531 ac
335 2489 371 2530 si
395 2489 489 2542 quis
518 2488 667 2543 dignus
696 2495 808 2532 esset

2 2554 5 2603 ἕ
548 2567 743 2621 describi,
772 2569 884 2623 quod
914 2570 1045 2612 malus
1075 2583 1124 2612 ac
1151 2570 1237 2622 fur,

218 2646 330 2699 quod
356 2646 556 2691 moechus
579 2647 706 2702 foret,
736 2655 808 2692 aut
836 2649 1008 2693 sicarius
1037 2654 1108 2693 aut
1138 2650 1295 2706 alioqui

216 2723 416 2778 famosus,
