1702 3190
210 179 267 218 60
857 182 1020 211 omres.
1080 189 1081 193 =

211 284 365 328 charmi
394 282 579 335 exemplo
610 283 788 323 comicae
817 283 980 335 poesios
1008 283 1216 338 materiam
1251 297 1275 323 a
1302 282 1554 335 singulorum
1580 282 1656 323 ho-

208 364 364 404 minum
404 361 591 400 irrisione
637 361 687 399 ad
719 361 932 412 generales
970 371 1127 399 morum
1167 361 1394 400 notationes
1437 358 1657 411 rerumque

209 438 503 489 descriptiones
531 437 783 485 traduceret,
822 448 989 488 quarum
1019 449 1142 488 quum
1173 439 1269 478 alias
1299 452 1323 478 e
1351 439 1553 478 communi
1581 438 1656 477 ho·-

207 517 363 556 minum
399 515 483 554 vita
518 515 788 554 aliasfautem
817 527 840 553 e
871 514 1138 565 mythicarum
1176 515 1404 555 fabularum
1441 505 1668 566 cyclope?

207 593 360 641 tiisset‚
397 605 478 631 non
517 593 648 640 male,
683 596 729 631 ut
758 591 946 643 equidem
976 592 1140 643 opinor,
1178 594 1420 632 Aristoteles
1450 593 1656 630 Cratetem

205 665 408 709 καθόλου
443 662 594 718 λόγους
628 662 657 716 ἢ
694 663 872 720 μύθους
908 666 1087 716 ποιῆσαι
1121 671 1340 721 perhibuit.
1404 671 1464 711 Ac
1508 669 1656 708 confir-

205 751 319 786 mant
353 746 459 785 hanc
493 747 875 797 interpretationem
913 747 1210 797 quodammodo
1247 759 1296 786 ea
1335 759 1440 797 quae
1487 747 1654 796 Anony-

204 835 297 863 mus
324 822 422 875 περὶ
449 820 677 876 κωμῳδίας
703 836 744 874 p.
774 823 911 864 XXIX
941 824 993 862 de
1023 824 1291 872 Pherecrate,
1322 825 1496 863 Cratetis
1512 823 1656 862 “imita-
1687 837 1689 840 ·

205 903 317 950 tore,
351 900 535 939 tradidit:
573 895 747 948 ἐζήλωκε
777 894 1001 953 Κράτητα,
1040 900 1114 939 καὶ
1149 890 1206 940 αὖ
1235 899 1311 939 τοῦ
1338 903 1417 953 μὲν
1444 898 1655 952 λοιδορεῖν

205 970 398 1026 ἀπέστη,
430 971 667 1029 πράγματα
706 974 750 1015 δὲ
784 971 1079 1030 εἰσηγούμενος
1116 975 1244 1017 καινὰ
1280 974 1505 1030 ηὐδοκίμει
1532 971 1656 1028 γενό-

204 1066 332 1107 μενος
360 1049 572 1108 εὑρετικὸς
599 1050 761 1104 μύθων
782 1056 866 1104 ⁸⁰).
926 1057 1050 1095 Cuius
1080 1059 1141 1097 rei
1170 1057 1399 1108 exemplum
1426 1057 1469 1094 in
1499 1056 1655 1094 Phere⁴

138 1160 140 1162 v
205 1133 329 1171 cratis
360 1132 587 1182 Crapatalis
615 1145 713 1170 vere
750 1133 914 1182 agnovit
942 1134 1277 1172 Hemsterhusius
1315 1133 1366 1172 ad
1396 1128 1550 1172 Polluc.
1583 1132 1655 1181 IX,

205 1210 274 1248 83.
342 1208 462 1259 Quod
491 1212 627 1247 autem
656 1208 882 1250 lacessendi
913 1211 1247 1249 consuetudinem
1277 1211 1483 1250 omississe
1512 1198 1658 1249 ctat‘es'

203 1285 254 1325 ab
283 1285 506 1325 Aristotele
536 1285 705 1333 dicitur,
739 1287 783 1325 id
818 1287 938 1338 plane
975 1286 1203 1338 fragmenta
1238 1289 1466 1327 fabularum
1504 1289 1653 1326 confir-

203 1366 339 1410 mant,
367 1364 409 1402 in
439 1363 585 1413 quibus
615 1363 715 1403 nihil
743 1376 910 1414 prorsus
939 1366 1120 1415 reperias
1158 1378 1206 1404 ex
1249 1362 1328 1417 quo
1366 1369 1500 1404 certos
1531 1368 1651 1416 quos-2

202 1438 309 1480 dam'
332 1440 520 1479 homines
559 1453 653 1478 eum
692 1441 893 1491 carpsisse
932 1442 1197 1493 intelligatur.
1274 1444 1448 1483 Omnino
1485 1442 1652 1494 plenum

201 1517 432 1558 festivitatis
460 1522 624 1568 poetam
653 1517 783 1557 fuisse
814 1519 1042 1567 ermetem,
1073 1519 1220 1559 docent
1249 1533 1438 1572 expressa
1466 1525 1652 1560 veterum

201 1597 447 1647 scriptorum
476 1596 720 1634 testimonia.
750 1597 1045 1648 Aristophanes
1076 1598 1236 1649 quidem
1265 1600 1305 1637 in
1322 1600 1458 1650 Equit.
1487 1599 1570 1638 538
1590 1611 1650 1650 sq.

199 1673 309 1713 haud
338 1672 572 1723 vulgaribus
602 1684 697 1711 eum
726 1675 884 1713 ornavit
912 1674 1121 1723 laudibus,
1156 1676 1253 1716 licet
1290 1678 1446 1718 ironiae
1476 1676 1674 1727 quodam*

201 1751 339 1791 colore
369 1749 598 1800 adspersis:

257 1821 304 1872 ὃς
333 1821 421 1865 ἀπὸ
449 1823 630 1877 σμικρᾶς
658 1822 856 1875 δαπάνης
884 1824 994 1881 ὑμᾶς
1020 1826 1247 1883 ἀριστίζων
1275 1825 1537 1884 ἀπέπεμπεν,

256 1899 344 1944 ἀπὸ
370 1898 673 1956 κραμβοτάτου
702 1902 917 1958 στόματος
941 1901 1117 1959 μάττων
1135 1904 1416 1956 ἀστειοτάτας
1443 1905 1646 1957 ἐπινοίας.

200 1983 446 2023 Scholiasta:
486 1978 687 2035 τραγικὸς
715 1980 898 2031 ποιητὴς
926 1978 1176 2039 ὀλιγόστιχα
1206 1983 1433 2040 ποιήματα
1460 1984 1647 2042 γράψας,

198 2061 268 2100 ubi
298 2055 482 2111 κωμικὸς
508 2061 812 2113 reponendum,
853 2062 930 2105 nisi
964 2065 1000 2106 is
1029 2065 1280 2106 Scholiastae
1309 2079 1425 2108 error
1453 2071 1537 2117 est,
1571 2081 1647 2108 no-
1701 2112 1702 2120 ἵ

231 2247 301 2298 ³⁰)
331 2247 446 2286 Haec
476 2247 573 2288 olim
601 2236 757 2301 scripsi,
787 2264 920 2304 neque
951 2258 1012 2294 est
1042 2255 1149 2307 quod
1168 2257 1386 2308 poeniteat.
1444 2255 1526 2296 Sed
1555 2270 1646 2296 ver·

308 2303 452 2341 borum
488 2299 614 2353 λόγος
660 2311 700 2344 et
735 2305 882 2357 μῦθος
918 2311 1142 2350 notionem'
1163 2313 1296 2363 paullo
1345 2313 1645 2364 angustioribus

308 2358 458 2397 finibus
498 2360 816 2413 circumscripsi:
859 2365 1050 2406 nimirum
1086 2362 1234 2416 λόγους
1268 2369 1510 2408 Aristoteles
1547 2369 1646 2407 dicit

309 2425 376 2450 res
406 2426 510 2463 quae
539 2421 608 2454 aut
633 2430 728 2456 vere
757 2418 889 2459 factae
919 2426 1012 2460 sunt
1041 2427 1110 2462 aut
1137 2425 1228 2462 fieri
1256 2428 1444 2476 possunt3
1471 2417 1646 2474 μύθους

310 2471 447 2507 autem
476 2469 612 2507 ποιεῖν
639 2475 799 2522 poetae
818 2475 1007 2518 dicuntur
1036 2478 1104 2529 qui
1133 2492 1268 2518 rerum
1297 2479 1346 2516 ab
1374 2479 1473 2529 ipsis
1502 2479 1643 2523 inven-

295 2525 441 2574 starum
475 2526 694 2580 imaginem
733 2529 936 2571 exhibent.
1003 2534 1109 2573 Vide
1135 2533 1431 2573 Bernhardium
1461 2534 1643 2577 Lineam.
1698 2539 1699 2567 ἰ

309 2577 417 2615 liter.
447 2591 508 2628 gr.
539 2581 557 2619 l
586 2596 626 2633 p.
656 2583 711 2623 52
749 2590 789 2623 et
819 2587 1169 2638 Wyttenbachium
1198 2590 1249 2628 ad
1278 2590 1643 2635 PlatonisPhaed.
1701 2624 1702 2637 ,

289 2637 349 2698 ‘115
382 2632 462 2698 ¹3⁷
492 2647 551 2685 sq.
617 2639 677 2676 De
707 2637 904 2679 καθόλου
941 2643 981 2681 in
1017 2644 1107 2682 loco
1138 2646 1398 2684 Aristotelico
1436 2645 1510 2686 cfr.
1541 2647 1641 2686 Les-

311 2700 431 2740 singu
460 2690 637 2732 Dramat.
668 2695 815 2736 Hamb.
844 2697 899 2736 89
927 2711 967 2750 p.
995 2700 1089 2740 292.

1699 2349 1702 2367 1

1698 2411 1702 2450 ἐ

1696 2649 1702 2698 ·

1696 2735 1702 2787 ’ἓ

1695 2788 1702 2814 ι

1699 2816 1701 2831 ‹
