1702 3190
660 152 939 183 mantuanus.
1448 139 1533 184 081

171 255 253 297 ms
280 253 495 295 addendae
526 267 634 308 quae
663 254 714 295 ad
743 254 921 295 Atticam
949 257 1154 306 spectant,
1196 253 1455 296 Thoricii
1489 259 1538 298 et

0 307 3 404 ξ
63 335 433 377 Phrearrhius
465 340 508 375 et
536 333 1123 383 fortasseCnoethideuS‚
1152 346 1324 386 quarum
1354 335 1427 375 illa
1446 331 1537 389 &os

0 392 3 447 Ῑ
60 411 188 470 pizzo:
226 407 255 462 ἢ
282 408 531 468 Διορύττων
570 419 739 455 vocatur
767 412 876 466 apud
913 411 1174 452 Athenaeum
1203 413 1282 455 XV
1319 427 1360 466 p.
1392 415 1535 469 6890,

0 503 1 545 ξ
61 494 135 535 aed
168 489 365 547 Θορίκιοι
395 495 638 548 simpliciter
667 493 746 534 XII
775 507 818 546 p.
848 492 988 532 55:311.
1046 491 1231 532 Alteram
1262 492 1410 534 indicis
1439 507 1537 547 paro

63 578 149 614 tem
179 574 231 613 de
260 573 428 614 homine
459 575 528 626 qui
556 573 678 613 furtis
708 585 876 624 magnas
915 583 1018 624 opes
1049 570 1128 610 sibi
1159 572 1367 623 paraverit
1402 573 1535 616 inter'-

60 658 254 707 pretatur
279 654 710 706 Schweighaeuser-us.
743 651 1118 691 Phrearrhium
1147 650 1348 690 habemus
1381 652 1535 694 Athen.

61 732 137 773 XV
167 745 209 783 p.
238 732 315 771 691
335 732 375 772 d.
445 732 507 771 De
544 731 914 780 Cnoetheo,
951 731 1068 770 cuius
1098 731 1246 783 plenus
1277 731 1422 771 titulus
1453 731 1535 772 fuit

35 806 330 864 ,Kvoafflffzhg
370 803 400 859 ἢ
438 805 669 865 ssim-pm),
723 811 924 850 habemus
971 810 1207 850 testimonia
1247 810 1455 851 Athenaei
1494 811 1535 853 X

55 903 98 944 p.
127 890 212 930 448
228 903 266 939 e,
304 890 376 930 ubi
415 890 513 930 olim
550 890 771 944 legebatur
807 887 855 929 ἐν
882 885 1106 929 Κνοιθίὸι
1135 882 1164 938 ἢ
1196 883 1450 944 Γάστρωνι,
1490 895 1536 935 et

56 969 137 1012 vll
172 983 214 1022 p.
243 970 327 1010 287
343 983 381 1020 e,
427 970 499 1010 ubi
543 970 638 1010 libri
675 970 768 1010 fere
807 969 966 1010 habent
1003 965 1051 1007 ἐν
1089 965 1376 1025 Κνοισιδὲίςε,
1421 970 1535 1023 quod

58 1048 291 1089 emendavit
319 1050 572 1099 Dindorfius,
603 1049 799 1089 Photium
828 1052 1057 1090 antestatus
1087 1049 1130 1089 in
1158 1049 1259 1090 Lex.
1290 1062 1332 1102 p.
1363 1050 1447 1090 173
1478 1050 1534 1093 15

55 1122 350 1175 Κνοιθιόεύςε
393 1124 495 1183 ὄρος
531 1114 609 1178 τῆς
651 1123 875 1179 ’Λττικῆς.
951 1129 1108 1170 Mirum
1145 1132 1284 1169 tamen
1324 1142 1348 1170 a
1391 1134 1534 1173 monte
1567 1121 1572 1124 ¹

54 1205 223 1247 fabulae
257 1222 409 1250 nomen
446 1209 620 1250 inditum
659 1222 777 1260 esse;
822 1210 1006 1249 fortasse
1041 1209 1170 1262 igitur
1205 1208 1359 1248 montis
1396 1209 1536 1251 Cnoe-

56 1286 189 1326 thidei
224 1290 393 1340 genium
429 1289 715 1329 introduxerat
745 1290 1024 1342 Antiphanes,
1067 1288 1417 1342 quemadmodum
1449 1289 1536 1343 Ly..

54 1366 263 1408 eabettum
301 1367 602 1422 Theopompus
647 1369 829 1410 comicus
865 1368 977 1423 apud
1013 1367 1156 1409 Schol.
1195 1367 1367 1409 Pindari
1407 1367 1534 1423 Pyd».

56 1445 97 1487 11
125 1445 196 1488 75.

168 1526 233 1568 Ab
279 1525 455 1578 opificiis
501 1526 659 1567 artibus
705 1526 879 1580 aliisque
924 1526 1155 1568 eommunis
1194 1527 1304 1568 vitae
1352 1527 1534 1580 negotiis

57 1615 165 1657 quae
190 1605 504 1657 inscriptionem
535 1608 708 1648 sortitae
736 1610 832 1648 sunt
871 1606 1060 1657 fabulae,
1099 1619 1242 1647 earum
1271 1607 1407 1660 primo
1437 1607 1541 1651 loco.

55 1684 248 1737 ponenda
286 1696 393 1737 qnae
439 1686 491 1725 ab
526 1687 618 1727 aliis
648 1681 971 1741 ”Αγροικος,
1015 1687 1066 1727 ab
1111 1686 1203 1726 aliis
1240 1680 1534 1742 ’'Aypoanoo

56 1763 304 1816 appellatur.
376 1763 485 1805 Illud
520 1770 688 1820 praeter
716 1766 870 1807 Athen.
902 1766 962 1807 IX
1000 1780 1039 1820 p.
1070 1767 1154 1807 392
1174 1779 1211 1807 e.
1251 1768 1390 1809 3961).
1428 1767 1534 1811 xlu

55 1854 97 1896 p.
124 1842 254 1883 567d
290 1848 334 1884 et
362 1844 578 1885 Pollucem
608 1846 666 1888 Vl
697 1846 754 1887 55
793 1852 988 1899 quattuor
1026 1846 1131 1886 locis
1170 1846 1299 1886 hahet
1337 1847 1533 1889 Antiatti-

54 1922 158 1963 eista
186 1935 229 1976 p.
258 1924 313 1963 93
343 1925 412 1965 27.
450 1926 505 1965 97
535 1925 576 1966 5.
609 1927 691 1966 105
723 1926 763 1968 5.
803 1927 887 1966 108
915 1927 965 1975 8;
996 1926 1201 1980 pluralem
1231 1933 1371 1967 autem
1401 1927 1534 1968 habe·-

54 2007 147 2043 i'nus
182 2003 291 2057 apud
320 2005 579 2047 Athenaeum
609 2006 647 2046 X
683 2020 725 2059 p.
755 2006 840 2047 455
854 2007 886 2047 f.
930 2006 1008 2048 XV
1038 2021 1078 2060 p.
1109 2006 1228 2048 6921*
1262 2012 1305 2047 et
1335 2007 1532 2049 Photium

56 2093 92 2121 s.
118 2095 159 2123 v,
187 2080 411 2137 ῥαγδαῖος.
469 2085 555 2126 Sed
582 2086 813 2138 pleniorem
842 2085 1010 2126 fabulae
1039 2087 1204 2127 titulum
1234 2081 1534 2139 ’'Arpocxog
1558 2087 1561 2090 “

57 2152 88 2206 ἢ
126 2156 448 2201 Βουταλὶων
486 2165 627 2215 posuit
662 2165 902 2206 Athenaeus
937 2166 1017 2207 Vll
1057 2180 1100 2219 p.
1137 2166 1264 2208 3041»
1310 2170 1354 2205 et
1390 2165 1533 2216 3131),

61 2249 233 2289 quarum
273 2240 584 2294 inscriptionum
625 2243 797 2283 alteram
833 2244 885 2283 ad
921 2246 1145 2286 secundam
1183 2245 1351 2297 fabullae
1382 2244 1533 2286 editio-

61 2328 158 2356 nem
198 2321 387 2370 speetare
431 2326 694 2374 putaremus,
740 2324 864 2363 etiam
909 2325 945 2365 si
982 2337 1064 2364 uon
1106 2325 1261 2365 diserte
1306 2328 1534 2366 testaretur

63 2394 303 2437 Athenaeus
328 2399 430 2440 V111
466 2414 507 2453 p.
538 2401 664 2441 358d
700 2396 727 2442 ὁ
763 2399 886 2459 παρὰ
925 2401 986 2460 τῷ
1023 2398 1144 2460 αὐτῷ
1174 2401 1336 2462 ποιητῇ
1361 2405 1532 2459 (prae-

63 2473 174 2514 eedit
208 2475 325 2517 locus
364 2491 414 2518 ex
452 2480 698 2533 Antiphanis
736 2483 957 2535 Parasito)
994 2481 1041 2522 ἐν
1077 2480 1380 2535 Βουταλίωνι,
1422 2475 1533 2538 ὅπερ

62 2548 211 2607 δρᾶμα
238 2552 325 2595 τῶν
350 2551 597 2614 Ἀγροίκων
626 2559 752 2601 ἐστὶν
780 2559 875 2611 ἑνὸς
904 2559 1124 2613 διασκευή.
1185 2566 1269 2607 Ubi
1300 2563 1411 2617 quod
1442 2565 1529 2604 Bu-

60 2633 257 2674 talionem
293 2638 445 2678 unius
482 2637 569 2678 τῶν
602 2635 852 2695 Ἀγροίκων
880 2645 1146 2685 instauratam
1179 2645 1404 2685 editionem
1436 2654 1530 2683 esse

63 2712 176 2763 dicit,
205 2715 455 2768 perdifficile
485 2721 687 2773 explicatu
719 2727 795 2764 est.
841 2723 986 2765 Plures
1018 2726 1126 2767 enim
1157 2724 1322 2766 fabulas
1344 2717 1529 2777 ”Apena-
