1702 3190
668 133 879 163 meamus.
1437 121 1521 161 453

52 236 180 279 sciam
208 235 610 285 commemoraverit,
648 234 740 276 eius
776 233 820 274 in
859 232 996 274 locum
1027 231 1205 274 fortasse
1235 234 1518 288 Posidippi

46 328 195 359 numen
234 315 527 356 sufficiendum
565 318 645 356 est.
711 315 967 367 Quamquam
1016 311 1219 353 eiusmodi
1269 315 1519 357 coniecturis

13 449 14 452 Ἴ
45 394 146 436 nihil
183 394 398 436 incertius.
464 395 527 435 De
565 394 743 448 Sosippo
778 389 1078 434 Anaxandridis
1114 390 1255 432 fabula
1292 406 1419 447 snpra
1455 394 1519 434 di-

44 473 183 515 ximus
208 487 252 527 p.
281 474 380 514 373.

152 549 309 593 Βαλα
321 551 467 592 νεῖον
501 550 701 591 habemus
729 549 839 602 apud
868 548 1131 589 Athenaeum
1160 548 1199 590 X
1230 563 1271 603 p.
1302 551 1388 591 440
1407 551 1434 591 d
1473 556 1516 595 et

39 632 252 673 Antiattic.
282 646 325 686 p.
356 632 438 672 108
467 631 536 670 32.
597 623 876 668 Βοιώτιον
912 627 1022 681 apud
1050 628 1203 670 Athen.
1234 629 1272 669 X
1298 642 1340 682 p.
1373 630 1459 670 417
1475 644 1514 672 e.

39 707 88 751 Γ
86 705 226 763 οἷμον
252 711 353 752 ibid.
382 710 442 752 Vt
469 721 511 762 p.
541 707 626 748 254
645 721 670 748 e
695 711 738 748 et
765 708 943 748 fortasse
973 706 1084 760 apud
1112 707 1344 760 Diogenem
1378 709 1515 750 Laert.

37 789 78 831 11
106 785 204 831 12‘0.
233 790 322 831 cfr.
353 801 477 841 supra
506 800 547 841 p.
563 787 661 827 426.
690 780 1206 842 Λιαμαρτάνουσαν
1235 787 1345 840 apud
1359 787 1512 829 Athen.

36 867 96 911 111
131 882 174 923 p.
203 869 284 910 111
303 881 342 910 e.
404 861 816 920 Ἐγκαλοῢντας
854 867 963 921 apud
1002 867 1213 908 Antiattic.
1254 879 1297 919 p.
1329 867 1412 906 110
1443 867 1512 908 18.

31 941 272 998 Ἑκάτην
313 946 422 1001 apud
465 935 726 988 Athenaeum
768 946 869 989 XIV
914 960 956 1000 p.
998 946 1118 987 645³
1163 951 1206 987 et
1247 946 1373 986 dubio
1417 947 1514 987 loco

34 1027 145 1081 apud
173 1027 334 1068 Polluc.
361 1025 403 1067 X
430 1026 511 1066 72:
541 1019 728 1078 λάγυνος
754 1024 829 1065 καὶ
857 1019 1082 1080 λαγύνιον.
1140 1021 1326 1081 Δίφιλος
1355 1020 1401 1065 δ’
1421 1020 1511 1080 ἄμ-

33 1118 108 1160 φω
134 1103 268 1159 λέγει,
307 1101 358 1146 τὸ
394 1105 475 1159 μὲν
503 1101 551 1144 ἐν
579 1103 633 1162 τῇ
659 1100 825 1161 Ἑκάτῃ
854 1100 1083 1154 πολλάκις,
1122 1101 1174 1145 τὸ
1217 1103 1263 1145 δὲ
1300 1100 1512 1158 λαγύνιον

31 1181 80 1229 ἐν
115 1180 368 1241 Ἀδελφοῖς.
430 1185 671 1227 Athenaeus
700 1190 841 1228 autem
869 1186 970 1228 xm
1000 1200 1041 1239 p.
1070 1185 1195 1226 4991»
1234 1179 1426 1238 λάγυνον
1457 1198 1509 1228 ex

29 1263 255 1306 Nicostrati
290 1265 452 1306 Hecate
488 1264 634 1316 affert,
679 1266 793 1307 unde
832 1266 1047 1306 Pollucem
1099 1266 1255 1307 erroris
1298 1266 1511 1306 insimulat

28 1341 283 1386 mndorfius.
349 1345 546 1386 Fortasse
584 1358 675 1385 rem
711 1344 770 1385 ita
807 1346 1003 1400 expedire
1038 1345 1159 1395 licet,
1205 1348 1253 1385 ut
1292 1345 1507 1399 Diphilum

28 1422 253 1465 Nicostrati
277 1423 468 1466 Hecaten
499 1425 576 1469 sub
604 1424 801 1467 incudem
829 1437 1048 1467 revocasse
1079 1427 1123 1465 et
1152 1424 1291 1465 denuo
1323 1425 1511 1467 edidisse

28 1501 227 1544 dicamus-
271 1505 279 1515 ¹

134 1575 641 1638 Ἑλενηφοροῦντας
668 1582 810 1624 laudat
839 1582 1079 1625 Athenaeus
1098 1580 1157 1624 Vl
1186 1595 1229 1635 p.
1263 1582 1348 1624 223
1365 1595 1402 1633 a,
1432 1581 1505 1623 ubi

28 1661 141 1713 quod
183 1666 391 1704 servatum
437 1666 501 1704 est
547 1662 714 1704 fabulae
755 1663 1050 1716 fragmentum,
1095 1674 1263 1703 scenam
1306 1661 1507 1702 dramatis

23 1739 242 1783 Braurone
275 1742 407 1784 fuisse
442 1742 614 1784 indicat.
679 1742 867 1783 Titulum
902 1740 1071 1781 fabulae
1114 1741 1274 1795 primus
1320 1741 1507 1781 restituit

25 1818 309 1863 easauhonus.
366 1823 477 1863 Olim
506 1822 617 1864 enim
646 1822 866 1876 legebatur
893 1821 1004 1874 apud
1023 1821 1289 1863 Athenaeum
1319 1816 1503 1869 ἐλεωνη-

24 1896 253 1954 φοροῦσιν.
311 1901 414 1942 eod.
449 1902 556 1945 Ven.
604 1897 1027 1956 ἐλαιωνηφοροῦσιν.
1094 1897 1140 1940 Β
1183 1897 1204 1940 ἑ
1247 1897 1505 1953 λαιωνηφο-

23 1972 161 2035 ‘3⁶5⁰‘-
221 1980 427 2022 Similiter
461 1981 554 2023 cod.
591 1982 772 2026 Hurald.
828 1981 1037 2035 Apposite
1070 1979 1341 2020 casaubonus
1378 1978 1504 2019 affert

22 2039 183 2101 &cllum
210 2059 251 2101 X
279 2060 391 2101 191:
427 2055 523 2102 ἔστι
559 2058 608 2102 δὲ
635 2059 712 2102 καὶ
741 2057 862 2110 ἑλένη
891 2054 1079 2101 πλεκτὸν
1107 2052 1285 2111 ἀγγεῖον
1314 2051 1504 2110 σπάρη-

10 2146 122 2189 Ινον,
154 2133 212 2176 τὰ
241 2133 364 2190 χείλη
397 2132 615 2191 οἷσὺϊνον,
653 2137 702 2180 ἐν
739 2129 774 2196 ᾧ
809 2136 1023 2194 φέρουσιν
1063 2133 1158 2192 ἱερὰ
1197 2131 1370 2191 ἄρρητα
1408 2134 1504 2184 τοῖς

34 2210 364 2271 Ελενηφορὶοις.
432 2217 538 2259 Cum
577 2222 717 2260 autem
753 2231 838 2260 non
873 2229 1010 2259 mares
1038 2216 1114 2258 sed
1142 2216 1327 2268 virgines
1356 2214 1501 2268 mysti-

0 2275 120 2361 jcum
141 2294 244 2335 illud
271 2295 482 2338 vasculum
510 2301 701 2351 portasse
729 2297 946 2352 probabile
974 2296 1041 2347 sit,
1071 2296 1213 2337 nescio
1242 2307 1294 2334 an
1319 2288 1502 2349 ‘Eiusm-v

0 2356 227 2435 Ῐξφοροῦσα
266 2373 433 2416 fabulae
468 2376 616 2417 titulus
650 2377 805 2427 fuerit,
844 2376 1088 2419 Athenaeus
1117 2378 1256 2415 autem
1286 2373 1500 2428 scripserit

10 2443 398 2509 l‘fflvwoyov'oy.
475 2454 728 2497 Brauronias
769 2455 955 2509 virgines
994 2446 1274 2508 κανηφόρους
1314 2464 1500 2494 comme-

10 2533 158 2574 nmorat
182 2531 456 2576 Philochorus
490 2535 601 2590 apud
636 2535 779 2577 Schol.
809 2534 986 2576 Homeri
1016 2533 1134 2575 Iliad.
1173 2526 1203 2571 ά
1238 2531 1340 2573 594.
1406 2531 1499 2572 He·

10 2606 228 2652 {leniorum
268 2610 451 2663 festum·
492 2614 604 2668 quod
641 2615 1065 2657 Lacedaemoniorum
1102 2612 1318 2667 proprium
1363 2610 1497 2651 fuisse

11 2685 272 2762 fefiefimant,
315 2690 450 2751 etiam,
485 2692 536 2734 ab
577 2693 904 2738 Atheniensibus
950 2692 1205 2735 celebratum
1244 2703 1338 2733 esse
1381 2686 1496 2730 haud
