1702 3190
243 193 326 233 294
614 203 666 231 nn
695 204 847 232 usuum
878 205 1110 234 comonnmss
1140 207 1306 236 muom.

241 304 314 344 tris
345 307 386 342 et
414 313 603 342 mensura
639 303 795 343 medios
835 304 884 343 ab
920 305 1095 356 antiquis
1133 305 1295 345 comicis
1331 305 1498 346 differre
1526 305 1672 350 videas.

241 381 386 432 Neque
414 380 456 418 id
485 379 628 419 mirum
659 379 787 419 videri
818 368 966 431 debet3
997 394 1089 421 nam
1118 395 1241 433 quum
1261 383 1468 422 comoedia
1497 395 1674 424 commu-

238 469 334 497 nem
361 457 500 509 populi
530 470 759 497 sermonem
789 462 1001 509 sequatur,
1031 459 1069 497 is
1094 459 1181 510 ipse
1210 464 1346 499 autem
1373 461 1453 500 iuis
1482 461 1674 512 tempori·-

237 534 328 582 bus,
358 547 481 585 quum
510 538 628 573 aucto
646 535 957 575 Atheniensium
986 549 1076 576 cum
1107 538 1256 577 exteris
1286 539 1530 577 commercio
1560 538 1674 579 multi

237 610 444 662 inquinate
478 611 694 662 loquentes
734 613 903 651 diversis
943 626 991 652 ex
1026 614 1127 654 locis
1157 615 1338 655 Athenas
1376 615 1675 666 confluxissent,

236 701 275 729 v.
304 689 569 740 Xenophont.
598 689 748 729 Athen.
786 703 893 741 resp.
925 690 963 728 11
993 691 1020 730 8
1057 697 1098 730 et
1128 693 1259 733 Cicer.
1290 692 1405 733 Brut.
1434 692 1502 741 74,
1539 693 1676 733 multis

234 766 365 807 modis
396 771 745 818 corrumperetur,
785 767 906 806 etiam
935 769 1182 808 comicorum
1212 783 1441 809 sermonem
1471 783 1494 808 a
1523 770 1675 810 severis

232 845 422 895 antiquae
452 843 640 882 dictionis
671 843 831 895 legibus
861 855 940 882 uon
968 844 1070 883 nihil
1100 847 1308 886 remittere
1347 852 1388 887 et
1417 848 1563 887 multas
1591 861 1677 888 ma·-

231 935 414 976 gnasque
449 921 695 960 mutationes
731 920 869 959 subire
907 933 1076 960 necesse
1114 927 1214 962 erat.
1281 925 1432 963 Earum
1460 924 1677 976 plerasque

232 1013 358 1053 quum
387 999 509 1048 infra,
537 1000 608 1038 ubi
638 999 689 1037 de
719 997 888 1048 singulis
917 999 1048 1049 poetis
1079 999 1323 1051 disputatum
1354 1005 1430 1050 est,
1459 1001 1676 1054 attigerim,

230 1079 311 1117 hoc
347 1079 438 1118 loco
470 1091 518 1116 ea
549 1080 708 1115 tantum
737 1076 1063 1115 commemorabo
1095 1089 1199 1127 quae
1237 1077 1288 1116 ad
1316 1078 1534 1117 verborum
1562 1091 1677 1119 men·-

232 1168 369 1195 suram
399 1158 597 1206 spectant,
627 1165 704 1192 nec
734 1152 867 1190 omnia
895 1154 1045 1201 tamen,
1076 1154 1150 1193 sed
1178 1168 1226 1194 ea
1255 1159 1410 1194 tantum
1439 1168 1542 1206 quae
1567 1155 1677 1196 forte

231 1232 276 1272 in
306 1237 497 1284 promptu
527 1235 635 1270 sunt.
692 1231 861 1269 Constat
889 1233 1033 1281 poetas
1060 1232 1235 1283 tragicos
1264 1246 1346 1273 nou
1374 1245 1577 1285 nunquam
1605 1245 1677 1273 vo-

233 1310 343 1351 cales
372 1314 466 1349 ante
495 1320 692 1348 consonas
722 1305 778 1359 βλ
809 1312 849 1347 et
870 1305 921 1359 γλ
951 1309 1209 1360 corripuisse.
1264 1310 1479 1362 Nunquam
1507 1311 1550 1350 id
1578 1310 1678 1351 fecit

232 1388 525 1438 Aristophanes
555 1398 688 1436 neque
718 1386 820 1424 alius
842 1386 1052 1436 quisquam
1082 1387 1270 1437 antiquae
1291 1395 1411 1440 poeta
1429 1389 1675 1429 comoediae.

234 1468 348 1517 Quae
379 1465 486 1504 enim
517 1468 657 1501 contra
687 1462 825 1500 afferri
842 1467 1013 1513 possunt
1042 1469 1231 1515 corrupta
1260 1471 1352 1505 sunt
1372 1467 1517 1504 omnia.
1554 1464 1677 1517 Apud

232 1542 549 1594 Aristophanem
577 1541 683 1590 Equ.
712 1540 794 1579 767
826 1539 935 1590 quod
963 1539 1175 1591 legebatur
1204 1542 1300 1581 olim
1337 1535 1376 1580 εἰ
1412 1539 1457 1580 δέ
1487 1554 1533 1581 σε
1561 1539 1678 1595 μισυῖ

231 1619 308 1660 καὶ
335 1616 394 1673 μὴ
425 1616 520 1671 περὶ
550 1614 632 1656 σοῦ
657 1610 854 1668 μάχομαι
880 1612 1012 1668 μόνος
1041 1611 1372 1670 ἀντιβεβληκώς,
1403 1633 1513 1660 nunc
1531 1620 1675 1661 merito

232 1699 356 1739 cessit
399 1694 672 1736 emendationi
716 1694 963 1735 Reiskianae
1009 1689 1316 1749 ἀντιβεβηκώς.
1398 1697 1516 1739 Plato
1568 1697 1698 1751 apud>

234 1776 425 1816 Grotium
454 1774 554 1814 Exn.
584 1785 624 1824 p.
654 1771 752 1811 487.

400 1849 494 1891 νοεῖ
516 1849 595 1902 μὲν
626 1845 736 1902 ἕτερ’
766 1844 888 1901 ἕτερα
914 1845 959 1887 δὲ
988 1844 1155 1906 γλώττῃ
1184 1849 1444 1906 φθέγγεται.
1690 1908 1693 1913 ¹

233 1929 356 1982 Apud
371 1929 537 1969 Suidam
566 1940 598 1968 s.
626 1940 665 1967 v.
691 1923 858 1976 Τελέας,
889 1927 998 1966 unde
1024 1928 1132 1967 hunc
1160 1943 1322 1970 versum
1349 1931 1469 1983 petiit
1497 1930 1675 1980 Grotius,

234 2008 387 2060 legitur
425 2003 546 2059 ἕτερα
586 2002 631 2043 δὲ
666 2001 720 2060 τῇ
761 1998 928 2058 γλώττῃ
968 2004 1232 2059 φθέγγεται,
1272 2008 1381 2058 quod
1422 2021 1564 2047 verum
1600 2012 1686 2059 est,

231 2084 356 2125 modo
385 2096 460 2135 pro
491 2079 735 2135 φθέγγεται
763 2083 914 2122 scribas
943 2079 1063 2132 λέγει,
1093 2087 1138 2121 ut
1165 2083 1289 2124 habet
1309 2085 1446 2126 Schol.
1466 2086 1693 2140 Aristoph:

233 2163 309 2204 Av.
341 2162 435 2201 168.
493 2161 665 2212 Eupolis
694 2160 801 2212 apud
829 2160 1008 2211 Etymol.
1039 2160 1098 2201 M.
1127 2174 1171 2212 p.
1198 2164 1281 2201 20⁰
1310 2163 1380 2205 54.

403 2230 496 2291 ἅμα
526 2235 824 2289 βλυστονῆσαι
851 2236 927 2276 καὶ
949 2235 1137 2298 χλρῆσαι
1165 2237 1247 2289 τὴν
1275 2236 1414 2282 πόλιν,

238 2318 410 2370 Corrige
439 2311 812 2368 ἄμβλυστονῆσαι.
870 2316 1068 2355 Similiter-
1095 2322 1312 2371 corruptus
1345 2322 1408 2359 est
1435 2317 1678 2371 Aristophnss

236 2407 312 2436 nes
342 2395 512 2447 Lysistr.
543 2394 625 2433 384

402 2466 521 2524 ἄρδω
550 2465 598 2510 0·'
631 2462 747 2516 ὅπως
775 2464 1123 2525 ἆναβλαστάνῃς.

237 2549 472 2591 Dindorfius
509 2540 571 2601 ἅμ
608 2542 869 2602 βλαστάνῃς.
943 2549 1209 2589 Scribendum
1248 2549 1384 2602 potius
1421 2542 1674 2602 ἄμβλοιστῶ-

235 2636 325 2682 νῃς.
382 2626 674 2677 Theopompus
702 2625 810 2678 apud
838 2625 978 2667 Schol.
1000 2627 1206 2680 Aristoph.
1237 2626 1346 2669 Plut.
1373 2628 1470 2669 179.
