1702 3190
331 139 604 173 ssenssnlws.
660 135 957 170 dromonorum
985 135 1163 167 canons.
1427 120 1515 164 459

40 245 254 303 sequentia
282 244 448 294 docent,
476 243 549 283 ubi
579 239 910 283 criminationum
939 251 966 280 a
993 237 1169 280 Timaeo
1205 236 1250 279 in
1280 235 1516 278 Democha-

38 339 127 369 rem
154 336 388 380 sparsurum
419 321 628 363 levitatem
657 319 1015 361 demonstraturus
1043 318 1103 358 ita
1139 317 1304 358 scribit:
1339 310 1395 356 οὗ
1429 312 1516 371 γὰρ

37 397 97 445 ἂν
125 398 385 459 Ἀρχέδικος
422 396 448 440 ὁ
484 392 858 457 κωμῳδιογράφος
899 391 1015 449 ἔλεγε
1061 393 1206 436 ταῦτα
1240 391 1378 449 μόνος
1415 395 1518 452 περὶ

39 479 328 538 Δημοχάρους
354 476 414 530 ὥς
447 474 637 534 Τίμαιός
665 488 826 533 φησιν·
856 470 969 516 ἀλλὰ
997 471 1156 516 πολλοὶ
1183 475 1264 529 μὲν
1293 473 1381 515 τῶν
1405 471 1520 516 'Av-

39 557 259 618 τιπάτρου
292 557 460 616 φίλων,
495 553 612 600 καθ’
643 548 699 597 οὗ
734 550 1124 610 πεπαρρησίασται
1159 552 1304 594 πολλὰ
1330 554 1407 596 καὶ
1434 553 1519 597 δυ-

39 638 209 697 νάμενα
238 639 389 682 λυπεῖν
417 636 470 680 οὐ
494 633 635 693 μόνον
663 631 802 676 αὐτὸν
826 629 1146 690 Ἀντίπατρον,
1174 629 1290 674 ἀλλὰ
1308 633 1385 675 καὶ
1413 633 1518 684 τοὺς

39 715 275 775 διαδόχους
301 718 378 761 καὶ
408 713 565 773 φίλους
592 711 844 770 γεγονότας.
913 716 1058 769 Itaque
1096 718 1144 756 ut
1172 715 1215 756 in
1245 715 1453 769 Antipatri
1472 716 1517 768 ⁰)

37 801 210 856 gratiam
240 813 287 841 se
314 800 558 848 insinuaret,
588 796 846 839 Archedieus
862 796 1166 837 Democharem
1197 795 1389 837 conviciis
1418 808 1523 849 prod

39 880 174 923 scidit.
232 879 357 920 Hunc
386 879 497 921 enim
527 877 684 931 patriae
715 878 758 916 et
787 875 991 916 libertatis
1020 876 1343 916 amantissimum
1370 875 1517 927 fuisse,

38 958 323 1002 Macedonicis
351 961 489 999 autem
518 956 704 1011 partibus
747 959 789 996 et
817 955 1006 1008 inprimis
1036 955 1255 1008 Antipatro
1295 954 1525 996 infestissi-‘

41 1051 169 1090 mum,
201 1038 299 1079 satis
327 1040 501 1079 constat.
557 1035 610 1079 V.
640 1034 865 1076 Ruhnken.
895 1035 949 1075 ad
978 1034 1182 1075 Rutilium
1213 1035 1320 1088 Lup.
1354 1035 1373 1076 1
1402 1048 1444 1089 p.
1473 1036 1517 1077 8.

42 1118 240 1159 Ceterum
269 1116 411 1173 quales
440 1115 598 1157 fuerint
625 1115 850 1158 Archedici
891 1115 934 1155 in
965 1114 1270 1156 Democharem
1302 1119 1518 1157 contume-

38 1197 136 1250 liae,
163 1197 288 1241 facile
315 1196 490 1240 iudicari
518 1198 657 1249 potest
686 1207 711 1237 e
740 1194 904 1235 Timaei
933 1195 1072 1236 verbis
1104 1195 1216 1250 apud
1238 1195 1519 1249 Polybium-l.

38 1276 72 1321 1.
101 1271 367 1335 Δημοχάρην
391 1271 679 1330 ἡταιρηκέναι
717 1273 798 1327 μὲν
826 1272 918 1323 τοῖς
946 1268 1039 1314 ἄνω
1068 1271 1219 1329 μέρεσι
1254 1272 1336 1314 τοῦ
1366 1269 1520 1329 σώμα-

37 1367 138 1410 τος,
166 1351 246 1399 οὐκ
281 1344 397 1397 εἶναι
427 1348 621 1408 δ’ἄξιον
657 1349 709 1395 τὸ
742 1350 858 1408 ἱερὸν
896 1351 984 1408 πῦρ
1013 1351 1178 1409 φυσᾶν.
1246 1354 1335 1397 Cfr.
1369 1356 1519 1399 Suidas

39 1449 75 1480 s.
102 1448 143 1479 v.
172 1428 445 1489 Δημοχάρης.
509 1433 762 1486 prularum
799 1434 910 1476 tituli
940 1438 1164 1489 supersunt
1192 1432 1292 1475 Δια
1302 1430 1521 1490 μαρτά-

40 1526 146 1556 νων
182 1514 292 1571 apud
330 1514 485 1557 Athen.
521 1513 562 1555 X
597 1526 639 1567 p.
669 1513 795 1555 467e
831 1517 876 1556 et
915 1509 1214 1566 Θησαυρὸς
1252 1515 1407 1556 ibidem
1437 1516 1519 1558 V11

41 1608 87 1650 p.
114 1596 240 1637 292e
276 1598 320 1635 et
346 1593 431 1637 294
446 1594 487 1636 b.
562 1594 795 1648 Utramque
832 1605 883 1635 ex
920 1581 1141 1636 Athenaeo
1194 1601 1521 1640 commemorant

0 1696 1 1700 =
41 1673 191 1716 Suidas
221 1687 255 1716 s.
283 1685 323 1717 v.
347 1666 604 1727 Ἀρχέδικος
632 1676 676 1715 et
705 1673 865 1716 Eudoc.
895 1684 938 1726 p.
967 1673 1036 1716 68.

155 1752 587 1797 APOLLODORUS.
638 1752 816 1795 Veteres
845 1752 1071 1806 scriptores
1101 1751 1205 1794 duos
1234 1752 1358 1795 huius
1386 1757 1522 1798 nomi-

0 1846 3 1863 ³
41 1831 108 1875 nis
134 1836 282 1886 poetas
311 1833 582 1886 distinguunt,
611 1831 790 1874 Geloum
819 1835 863 1873 et
891 1831 1142 1886 carystium.
1202 1834 1389 1885 Quorum
1415 1836 1532 1877 alte·-

41 1921 136 1953 rum
172 1912 608 1956 APOLLODORUM
644 1911 912 1961 GELOUM,
958 1911 1183 1954 Menandri
1219 1917 1356 1955 aetate
1395 1914 1439 1957 h.
1478 1928 1520 1966 re.

42 1989 153 2034 luter
181 1992 348 2047 Olymp.
377 1992 522 2036 CX—
541 1991 699 2034 CXXII
729 1990 878 2032 vixisse
907 1989 1057 2031 Suidas
1100 1995 1144 2032 et
1183 2005 1234 2034 ex
1273 1993 1403 2034 Suida
1431 1994 1520 2036 Eu-

44 2069 163 2111 decia
202 2071 314 2116 Viol.
357 2084 400 2125 p.
438 2071 493 2111 61
538 2071 690 2114 tradit:
724 2062 1052 2125 ,Ἀπολλόδωρος
1093 2067 1273 2127 Γελῷος,
1318 2067 1522 2128 κωμικός,

47 2143 286 2201 σύγχρονος
321 2146 402 2191 τοῦ
435 2147 628 2202 κωμικοῦ
649 2142 930 2203 Μενάνδρου.
992 2149 1125 2192 Iidem
1162 2150 1327 2194 fabulas
1366 2153 1406 2192 ei
1445 2153 1523 2194 tri·

0 2210 3 2265 f
47 2227 180 2269 buunt
217 2231 394 2283 septem,
435 2240 608 2284 quarum
645 2228 757 2271 hunc
793 2231 1026 2283 posuerunt
1063 2241 1306 2273 recensum:
1348 2224 1414 2274 ’A
1422 2243 1523 2272 πο-

0 2326 2 2333 '
49 2304 327 2363 καρτερῶν
366 2300 397 2361 ἢ
441 2301 820 2364 Φιλάδελφοι,
861 2319 985 2364 quam
1029 2306 1165 2351 Geloo
1205 2310 1353 2353 tribuit
1398 2312 1523 2358 etiam

0 2399 3 2407 ’
52 2384 290 2428 Athenaeus
318 2387 378 2429 XI
406 2400 449 2443 p.
477 2388 564 2431 472
582 2400 621 2438 c,
657 2387 730 2430 ubi
764 2386 932 2430 inverso
969 2387 1191 2431 verborum
1221 2389 1370 2435 ordine
1400 2405 1523 2437 voca—

0 2501 1 2504 ,
51 2467 121 2506 tur
161 2459 436 2521 Φιλάδελφοι
473 2460 502 2516 ἢ
543 2461 900 2523 Ἀποκαρτερῶν.
966 2467 1052 2512 Sed
1087 2467 1200 2513 idem
1238 2470 1388 2517 Suidas
1417 2485 1452 2516 s.
1482 2485 1523 2515 v.

0 2644 4 2673 t

115 2645 579 2758 qdlffiltnfsppfsusaffndd
617 2651 728 2694 iilius
766 2650 821 2695 de
851 2663 932 2709 quo
963 2651 1039 2696 cfr.
1069 2653 1260 2708 Droysen
1285 2653 1395 2699 nist,
1425 2652 1522 2700 Dia-
