1702 3190
663 165 943 196 aurnum..
1445 150 1534 194 813

59 271 177 315 hand
205 268 438 318 dissimilia,
467 269 638 311 Cratino
667 264 956 310 Mneeimacho
984 263 1184 319 Ephippo
1211 263 1380 308 Alexim
1406 267 1533 319 atque

56 353 150 406 ipsi-
174 351 279 392 adeo
316 349 543 403 Antiphani
593 347 827 389 fabularum
876 348 920 386 et
961 355 1114 385 nomen
1162 347 1209 383 et
1240 350 1533 398 argumentum

10 491 13 500 Ι
54 431 333 486 praebuerint.

165 510 310 550 Dubiis
339 513 382 549 et
410 508 614 561 suspectis
642 505 875 546 fabularum
911 500 1043 541 titulis
1073 500 1199 542 etiam
1228 514 1302 543 eos
1330 503 1531 547 adnume-

0 565 12 591 ’θ’
54 600 149 630 rare
186 588 350 638 licebit,
388 588 458 640 qui
497 587 600 626 adeo
638 585 749 625 inter
784 596 832 623 se
866 581 1022 622 similes
1058 585 1182 632 sunt,
1219 584 1267 622 ut
1296 584 1367 635 qui
1404 585 1532 626 alter·

57 672 196 708 utrum
226 668 268 708 in
296 667 383 708 vitii
412 665 689 718 suspicionem
720 662 931 702 adducere
961 660 1076 711 velit,
1107 660 1148 701 ei
1176 673 1438 715 nequaquam
1466 668 1532 704 te.

59 747 261 787 meritatis
294 745 450 786 crimen
477 743 706 784 verendum
734 741 803 782 sit.
860 741 925 781 Eo
955 740 1169 782 referendi
1187 741 1381 782 videntur
1393 740 1531 795 Λαμ-

52 818 139 870 πάς
171 830 214 864 et
241 818 456 875 Λάμπων,
487 814 778 876 Κιθαριστής
807 824 850 861 et
868 815 1155 876 Κιθαρῳδὸς,
1191 816 1458 876 Φιλομήτωρ
1488 826 1532 863 et

58 897 339 956 Φιλοπάτωρ.
406 901 718 955 Lampadem
755 904 798 940 et
835 900 1156 953 Lamponem
1195 902 1436 943 Athenaeus
1467 903 1530 943 bi-

56 983 120 1024 nis
148 986 367 1035 utramque
396 982 500 1022 locis
529 983 846 1029 commemorat,
883 978 998 1019 illam
1028 979 1068 1019 X
1094 993 1138 1033 p.
1165 980 1290 1020 4861·
1314 985 1358 1021 et
1386 982 1472 1022 487
1486 982 1528 1031 d,

55 1060 311 1114 Lamponem
341 1066 480 1102 autem
509 1061 589 1103 Vll
618 1073 661 1113 p.
690 1059 773 1098 307
788 1059 827 1101 d.
856 1058 896 1099 X
925 1072 967 1112 p.
996 1058 1082 1099 423
1098 1059 1138 1100 d.
1197 1059 1284 1101 Iam
1312 1061 1531 1104 Fabricius

52 1141 162 1182 Bihl.
197 1155 262 1194 gr.
303 1141 343 1181 11
380 1155 422 1194 p.
460 1141 546 1181 417
585 1142 774 1179 neutram
810 1138 861 1178 ab
897 1138 1029 1178 altera
1063 1138 1268 1180 diversam
1309 1141 1529 1192 existimat,

53 1220 453 1274 Schweighaeusero
483 1219 700 1261 Animadv.
738 1217 820 1258 vol.
850 1217 888 1260 V
926 1230 969 1270 p.
999 1218 1083 1258 363
1119 1219 1275 1270 ubique
1305 1219 1531 1273 Lamponia

52 1312 204 1341 nomen
233 1299 380 1340 inferri
409 1299 618 1351 cupiente.
658 1298 739 1350 Qui
769 1309 896 1349 quum
925 1296 1181 1350 Lamponem
1211 1298 1262 1337 ab
1292 1300 1532 1353 Antiphane

52 1380 303 1432 exagitatum
331 1379 465 1419 fuisse
494 1378 700 1418 existimat
729 1389 846 1426 eum,
886 1389 1010 1429 quem
1046 1389 1097 1416 ex
1126 1376 1342 1419 Pericleae
1382 1381 1530 1422 aetatis

51 1458 225 1500 historia
255 1459 466 1511 cognitum
494 1457 696 1497 habemus
726 1469 884 1505 omues,
913 1456 1154 1510 longissime
1183 1470 1322 1498 avero
1349 1459 1528 1502 aberrat.
1547 1493 1556 1507 .

51 1539 235 1581 Facilius
263 1537 543 1591 Antiphanem
572 1536 796 1588 Lampouis
827 1535 994 1576 nomine
1023 1536 1252 1588 symbolice
1281 1549 1403 1579 usum
1433 1552 1528 1581 esse

53 1618 248 1668 credam,
285 1622 332 1658 ut
367 1619 624 1658 crescentem
664 1615 707 1655 in
744 1614 834 1656 dies
872 1615 1166 1657 sacricolarum
1198 1620 1242 1656 et
1269 1615 1528 1660 hariolorum

53 1697 328 1750 arrogantiam
364 1697 440 1737 sub
476 1709 527 1736 eo
563 1694 783 1743 illuderet,
820 1707 943 1747 quam
978 1696 1181 1736 rationem
1211 1709 1236 1736 a
1264 1695 1428 1737 mediae
1456 1709 1528 1740 co-

53 1776 244 1816 mediae
271 1776 434 1816 ratione
462 1775 630 1816 minime
660 1774 836 1814 alienam
867 1787 975 1820 esse,
1005 1787 1130 1828 supra
1158 1775 1338 1816 indicavi
1366 1789 1408 1829 p.
1427 1775 1527 1821 275.

0 1899 1 1920 ἢ
52 1854 139 1896 Sed
167 1858 260 1895 utut
288 1860 376 1905 est,
412 1859 528 1896 certe
555 1853 660 1895 nihil
691 1865 840 1893 causae
867 1854 990 1896 video
1020 1867 1095 1895 eur
1123 1855 1346 1908 Lampadis
1375 1868 1528 1900 nomen

51 1940 294 1988 corruptum
330 1940 522 1989 putetur,
568 1933 815 1988 praesertim
861 1947 956 1974 cum
995 1934 1182 1976 eiusdem
1227 1934 1339 1974 tituli
1384 1934 1527 1978 fabula

0 2025 2 2027 ’
47 2019 402 2056 'commemoretur
436 2015 481 2054 in
510 2014 745 2062 Alexffleis,
786 2012 874 2053 sive
910 2026 1000 2053 eam
1040 2015 1091 2054 ad
1124 2009 1529 2068 λαμπαδοδρομιάς

0 2113 4 2124 ·
51 2090 341 2135 solennitatem
368 2098 577 2146 spectasse
606 2095 694 2134 sive
724 2107 747 2132 a
776 2093 987 2146 Lampade
1017 2095 1237 2135 meretrice
1266 2108 1420 2135 nomen
1449 2095 1526 2136 du-

0 2209 2 2221 s
54 2170 164 2210 xisse
193 2172 423 2211 statuimus.
463 2172 594 2212 Porro
626 2172 1004 2213 Citharoedum
1032 2172 1235 2214 habemus
1267 2174 1378 2226 apud
1395 2174 1528 2216 Athe-

0 2270 2 2280 ·
52 2259 207 2288 *meum
235 2248 315 2291 vu
350 2262 392 2302 p.
419 2250 503 2290 342
518 2251 561 2300 d,
598 2251 781 2303 Etymol.
812 2250 874 2290 M.
911 2263 954 2303 p.
983 2251 1068 2290 683
1096 2253 1166 2300 26,
1203 2253 1463 2305 Hesychium
1490 2267 1526 2299 s,

0 2353 2 2360 ι
55 2339 103 2367 w
127 2325 345 2379 στειλέαν,
379 2329 729 2371 citharistam
765 2334 928 2379 autem,
966 2330 1038 2382 qui
1076 2330 1201 2371 etiam
1240 2331 1526 2376 Menandreae

0 2423 1 2442 ;
58 2405 226 2446 fabulae
262 2408 407 2448 titulus
450 2412 539 2458 est,
586 2410 695 2461 apud
738 2421 867 2450 unum
910 2409 1159 2451 clearchum
1204 2411 1410 2453 Athenaei
1447 2412 1527 2456 XV

57 2496 101 2537 p.
131 2485 260 2536 6810,
297 2499 379 2538 quo
414 2487 507 2528 loco
539 2488 608 2539 qui
635 2488 878 2530 Citharoedi
906 2489 1071 2534 titulum
1099 2490 1262 2531 restitui
1291 2491 1525 2542 voluerunt,

57 2576 142 2604 nou
182 2565 382 2618 cogitasse
416 2566 630 2617 videntur,
669 2568 1005 2609 citharoedorum
1043 2574 1086 2610 et
1116 2570 1424 2612 citharistarum
1460 2572 1524 2612 di-

49 2656 178 2685 ‹versa
214 2644 345 2686 fuisse
383 2647 540 2697 munis,
579 2661 618 2688 v.
648 2647 847 2690 Valcken.
885 2648 996 2702 apud
1024 2647 1319 2703 Koppiersium
1349 2651 1525 2698 observ,

48 2733 103 2776 «ῃ.
134 2723 217 2764 142
254 2729 298 2765 et
332 2724 499 2779 Proleg.
538 2727 742 2783 Hei-mog.
776 2728 888 2782 apud
916 2728 1121 2772 walzium
1154 2729 1282 2771 Rhet.
1313 2729 1372 2772 1v
1408 2741 1452 2784 p.
1479 2729 1524 2772 Ἰ.
