1702 3190
509 189 734 220 msronuu
767 186 1020 218 conionum.
1484 176 1512 216 5

31 293 209 335 exclusis
238 292 308 346 qui
324 291 504 334 Siculam
537 291 802 344 Italicamque
832 290 1088 332 comoediam
1118 289 1381 330 illustravere
1409 301 1512 343 poe-

29 373 97 421 tis,
129 373 451 425 disputationem
468 384 602 411 meam
630 371 674 410 in
703 382 786 410 una
801 369 1103 424 propemodum
1123 369 1357 409 Atticorum
1387 381 1513 409 scena

29 452 281 493 cohiberem.
347 451 393 491 In
424 463 506 504 quo
535 451 594 490 ita
622 453 809 490 versatus
839 462 953 499 sum,
988 452 1036 488 ut
1072 448 1330 500 singulorum
1367 451 1514 500 poeta·

0 531 120 588 {rum
150 534 286 570 aetate
317 529 588 579 certioribus,
624 528 660 568 si
687 528 781 568 fieri
810 527 971 580 potuit,
1001 527 1154 567 finibus
1185 527 1511 578 circumscripta,

0 599 2 647 ἱ
29 622 137 663 quae
172 609 302 649 fuerit
341 608 541 660 cuiusque
575 607 738 647 indoles
769 621 819 646 ex
847 610 1039 646 veterum
1068 607 1318 660 scriptorum
1347 605 1511 645 iudiciis

26 689 115 730 eive
151 688 291 741 potius
327 687 488 727 indiciis
526 686 800 739 probabiliter
839 686 1073 736 declarare,
1115 686 1511 739 deperditarumque

23 765 258 810 fabularum
287 769 541 819 argumenta,
576 765 648 805 ubi
678 765 846 819 quidem
874 765 919 807 id
947 769 1037 807 tuto
1067 765 1162 808 fieri
1189 777 1315 821 posse
1343 763 1511 804 videre-

25 849 108 895 tur,
136 845 335 898 indagare
365 845 613 886 studuerim.

138 926 276 978 Quum
314 927 452 964 autem
490 923 588 964 inde
616 924 668 964 ab
696 925 933 966 Aristotelis
970 925 1228 979 temporibus
1269 936 1320 964 ea
1349 922 1511 963 studio-

21 1016 116 1046 rum
154 1004 260 1044 ratio
298 1002 448 1053 fuerit,
497 1006 545 1043 ut
585 1016 734 1056 magna
771 1004 986 1046 doctrinae
1022 1019 1120 1059 pars
1163 1006 1207 1046 iu
1246 1003 1511 1043 scenicorum

24 1087 243 1138 poetarum
271 1082 614 1135 interpretatione
642 1086 871 1135 poneretur
891 1084 955 1135 ¹),
991 1081 1101 1122 nihil
1139 1082 1251 1134 quod
1281 1083 1337 1122 ab
1361 1082 1509 1122 harum

25 1163 314 1216 quaestionum
350 1161 523 1202 consilio
561 1161 743 1202 alienum
791 1162 845 1203 sit
881 1162 1000 1202 nobis
1037 1160 1179 1200 facere
1214 1160 1429 1208 videmur,
1473 1158 1511 1199 si

20 1240 290 1296 praefationis
318 1239 412 1279 10oe
442 1239 497 1279 tle
524 1243 713 1279 veterum
744 1241 1109 1293 grammaticorum
1139 1240 1277 1280 studio
1306 1239 1349 1279 in
1379 1237 1510 1278 eomi-

22 1333 167 1362 eorum
195 1323 416 1373 poetarum
444 1319 707 1359 enarratione
735 1319 872 1372 posito
901 1320 1047 1372 paucis
1083 1319 1298 1372 disputare
1328 1321 1372 1358 et
1399 1317 1510 1358 hanc

18 1400 261 1442 literaturae
289 1402 450 1453 partem
490 1399 535 1440 in
565 1399 758 1447 clariore,
799 1410 922 1450 quam
951 1398 1089 1438 adhue
1115 1397 1275 1439 factum
1305 1401 1382 1448 est,
1410 1397 1510 1438 luce

21 1481 230 1522 collocare
260 1480 514 1520 conabimur.
575 1477 711 1533 igitur
738 1478 898 1532 primus
929 1478 1127 1527 omnium,
1157 1478 1227 1531 qui
1258 1489 1509 1530 graecorum

20 1560 273 1601 eomicorum
309 1559 528 1599 historiam
568 1570 791 1607 ornavere,
834 1556 916 1597 fuit
953 1557 1228 1607 Aristoteles,
1266 1558 1388 1598 euius
1422 1557 1507 1597 duo

20 1638 193 1679 fuerunt
230 1638 356 1679 huius
391 1639 561 1692 generis
606 1638 783 1692 scripta,
833 1634 973 1676 Mum
1010 1635 1304 1678 Διονυσιακαὶ
1339 1640 1384 1678 et
1427 1634 1509 1676 Διὲ-

21 1711 274 1768 Sacamum,
303 1721 529 1770 utrumque
554 1718 679 1758 unius
705 1716 928 1757 voluminis
944 1717 1098 1756 finibus
1128 1716 1509 1770 circumscriptum.

18 1795 85 1838 Ex
112 1796 178 1836 his
215 1808 316 1849 quas
350 1796 487 1848 primo
522 1797 617 1837 loco
647 1795 1063 1836 commemoravimus
1088 1790 1236 1843 Νίκας
1264 1787 1508 1837 Διονύσια-

16 1869 110 1926 mig,
141 1887 284 1916 earum
311 1878 480 1927 praeter
507 1875 675 1915 titulum
705 1887 729 1913 a
758 1873 950 1926 Diogene
968 1872 1117 1914 Laert.
1145 1874 1255 1924 v,1,
1277 1874 1334 1913 26
1363 1886 1505 1914 serva·

15 1956 106 1996 t'um
134 1954 238 1995 nihil
268 1958 475 2008 superest.
543 1953 592 1995 In
619 1952 863 1993 Didascaliis
894 1956 1035 1993 autem
1065 1953 1124 1993 de
1147 1953 1400 2006 tragicorum
1430 1965 1505 1995 eo·-

14 2035 296 2087 micammque
323 2033 559 2074 fabularum
589 2032 847 2085 temporibus
878 2036 1043 2086 egerat,
1084 2045 1184 2074 usus
1215 2047 1307 2074 eam
1336 2034 1381 2074 in
1408 2045 1506 2074 rem

13 2115 227 2155 veteribus
254 2114 340 2154 illis
370 2113 619 2162 didascaliis,
649 2112 703 2152 de
723 2125 896 2164 quarum
914 2113 1076 2154 ratione
1092 2116 1188 2166 post
1209 2113 1504 2154 Casaubonum

17 2194 174 2246 optime
204 2193 394 2246 exposuit
422 2184 558 2245 nuper
586 2190 825 2232 Boeckhius
855 2192 982 2244 eorp.
1006 2191 1351 2245 1nscr.1p.35o.
1409 2192 1505 2232 Nee

13 2274 151 2311 tamen
183 2273 348 2312 credam
377 2273 436 2312 ita
465 2271 519 2311 de
546 2271 613 2311 his
640 2271 767 2310 rebus
798 2270 1030 2323 disputasse
1059 2270 1329 2310 Aristotelem
1356 2273 1406 2311 ut
1433 2274 1502 2311 to·
1561 2294 1566 2297 -

15 2351 101 2388 tam
140 2345 340 2403 ἱστορίαν
365 2346 613 2405 θεατρικὴν
649 2350 890 2402 complexus
928 2350 1001 2398 sit,
1030 2360 1137 2401 quae
1162 2348 1387 2390 Wouwerii
1414 2350 1500 2390 1³0-

12 2427 115 2481 lym.
132 2427 213 2468 XII
238 2443 280 2480 p.
295 2430 380 2470 1⁰3
418 2430 623 2471 sententia
659 2428 764 2477 fuit,
801 2427 870 2468 vel
905 2431 1080 2481 propter
1116 2427 1316 2467 ambitum
1353 2428 1499 2482 scripti

12 2519 274 2559 nequaquam
314 2508 667 2549 commendabilis.
734 2506 882 2547 Paullo
920 2507 1176 2558 probabilius
1206 2507 1341 2546 videri
1363 2509 1499 2560 possit

14 2586 162 2626 eodem
201 2585 310 2627 libro
350 2586 403 2627 de
440 2584 678 2627 hominibus
723 2586 766 2624 in
808 2587 976 2636 antiqua
1020 2587 1235 2626 comoedia
1279 2586 1497 2639 exagitatis

76 2745 116 2794 ¹)
147 2745 242 2786 Vid.
273 2744 540 2788 casaubonus
571 2743 622 2784 ad
654 2744 806 2786 Athen.
836 2744 893 2784 Vl
925 2756 965 2795 p.
997 2743 1080 2783 235
1096 2756 1134 2783 e.
