1702 3190
217 171 298 211 338
798 175 1070 210 murmane.

388 275 485 317 Τῶν
514 274 839 331 Πυθαγορικῶν
869 273 916 316 δ’
937 276 1086 332 ἔτυχον
1113 274 1270 319 ἄθλιοί
1298 291 1409 328 τινες

382 354 427 395 ἕν
455 353 508 411 τῇ
530 351 732 410 χαράδρα
761 351 993 410 τρώγοντες
1022 350 1159 410 ἅλιμα
1187 357 1261 397 καὶ
1288 353 1399 398 κακά

383 430 564 472 τοιαῦτα
594 431 867 485 συλλέγοντες
895 432 940 472 ἐν
969 433 1025 489 τῷ
1053 430 1236 490 κωρύκῳ.

219 505 299 550 κάν
342 509 402 566 τῷ
441 506 593 565 κυρίως
630 506 822 565 Κωρύκῳ
860 508 1251 567 δ’ἐπιγραᾳομένῳ
1286 507 1397 565 φησί
1447 508 1536 551 κτλ.
1599 511 1660 551 lta

220 589 328 628 enim
371 590 473 628 haec
516 589 744 629 emendavit
788 590 1052 641 Koppiersius
1100 592 1269 631 Observ.
1312 590 1452 642 philol.
1499 602 1540 640 p.
1587 588 1657 628 41.

221 666 361 717 Itaque
413 671 568 706 certum
627 673 690 707 est
732 667 1012 718 Antiphaneae
1053 668 1216 708 fabulae
1263 667 1426 707 titulum
1473 679 1553 706 non
1604 665 1656 705 do

218 756 362 796 pera,
402 745 475 782 sed
505 745 555 782 de
585 757 634 783 eo
666 744 734 794 qui
762 739 914 797 κυρίως
943 746 1169 796 appellatur
1204 740 1389 799 κιόρυκος
1423 744 1665 796 intelligen«

219 821 315 860 dum
342 835 447 860 esse.
506 821 610 859 lllud
640 827 776 860 autem
804 821 1003 874 incertum
1034 828 1116 872 est,
1154 827 1291 862 utrum
1329 817 1353 861 ὁ
1391 817 1542 875 κυρίως
1578 815 1661 860 κου’-

218 910 344 949 ρυκος
380 900 430 937 de
466 899 566 936 folle
604 898 869 947 athletarum,
916 899 967 938 de
1006 911 1084 950 quo
1125 906 1311 940 accurate
1356 899 1581 951 expositum
1614 898 1658 938 in

218 975 418 1015 Matthaei
458 977 563 1015 med.
602 989 735 1026 graec.
776 989 814 1027 p.
846 976 926 1014 124
967 989 1026 1026 sq.
1066 989 1115 1015 an
1156 990 1253 1015 vero
1292 977 1343 1015 de
1380 977 1455 1015 viri
1496 975 1660 1014 nomine

218 1053 384 1105 proprio
424 1053 716 1103 intelligendus
753 1053 818 1092 sit.
887 1052 1107 1092 Praeterea
1138 1054 1279 1092 eadem
1308 1053 1446 1092 fabula
1472 1053 1663 1092 laudatur-

218 1130 268 1169 αἱ)
297 1130 509 1170 Athenaeo
541 1130 597 1168 IX
626 1143 666 1181 p.
697 1130 776 1167 366
790 1141 826 1168 c.
854 1129 936 1168 409
953 1143 988 1169 c.
1046 1130 1176 1170 Porro
1217 1129 1498 1170 Μέτοικον
1533 1129 1674 1169 ἰωὴ-η

218 1219 307 1246 mus
338 1208 443 1259 apud
474 1209 727 1247 Athenaeum
759 1206 814 1247 1V
852 1220 892 1258 p.
923 1209 1004 1247 17⁰
1021 1208 1059 1247 d.
1130 1211 1259 1260 Quam
1297 1202 1659 1261 Μηναγύρτην

219 1285 397 1336 appellat
425 1285 631 1324 Antiattic.
663 1297 703 1335 p.
735 1284 790 1322 88
820 1283 888 1332 18,
918 1280 1366 1350 eaniszntpoesz-nv
1394 1290 1511 1325 vocat
1531 1285 1669 1326 Athe·

217 1373 343 1400 naeus
359 1361 436 1400 Xll
467 1376 506 1414 p.
535 1362 616 1401 553
634 1375 667 1410 c,
697 1361 807 1400 nullo
837 1361 890 1400 ad
920 1375 1081 1402 sensum
1113 1364 1357 1413 discrimine,
1387 1377 1423 1403 v.
1441 1363 1685 1403 Ruhnken.·-

218 1439 270 1478 ad
300 1439 456 1478 Timaei
485 1441 581 1479 Lex.
612 1454 652 1491 p.
685 1440 734 1478 11
766 1443 807 1478 et
836 1440 1028 1478 Lobeckii
1058 1441 1257 1493 Aglaoph.
1287 1455 1328 1493 p.
1358 1441 1452 1481 645.
1500 1439 1660 1489 Μηνα-

218 1511 378 1568 γύρτην
408 1517 545 1556 docuit
576 1517 696 1556 etiam
715 1518 955 1565 Menander,
982 1518 1095 1557 cuius
1126 1518 1218 1556 vide
1246 1518 1472 1568 fragmenta
1501 1532 1541 1571 p.
1562 1520 1659 1559 111.

218 1593 373 1633 Harum
403 1594 631 1634 fabularum
662 1598 942 1646 argumentum
973 1607 1052 1645 quo
1079 1595 1323 1646 spectaverit
1350 1595 1461 1635 haud
1490 1595 1685 1642 difficile&

219 1675 281 1711 est
320 1672 371 1710 ad
413 1672 740 1720 coniectandum,
786 1671 820 1710 si
858 1672 1020 1722 quidem
1068 1673 1171 1711 illud
1212 1673 1496 1712 sacricolarum
1531 1683 1685 1730 genuani}

219 1749 475 1787 mendicandi
503 1750 757 1801 impudentia
787 1750 997 1800 omnisque
1017 1751 1179 1802 generis
1208 1750 1480 1790 fraudulentia
1508 1739 1702 1807 infamafss'i

219 1829 319 1864 erat.
379 1826 465 1865 Cfr.
495 1827 746 1878 Antiphanes
775 1827 816 1864 in
857 1822 1230 1882 Μἰσοπονήρῳ
1267 1829 1374 1880 apud
1403 1823 1686 1888 Athenaeum}

218 1902 277 1944 vl
290 1917 331 1955 p.
348 1905 429 1942 226
446 1903 471 1942 d
499 1899 609 1956 μετά
636 1917 680 1955 γε
712 1899 764 1950 νὴ
779 1898 861 1941 Δία
891 1900 989 1951 τοὺς
1018 1899 1420 1958 μητραγυρτοῦντάς
1447 1918 1516 1957 γε·
1549 1889 1702 1963 nolis}

217 1975 300 2032 γὰρ
334 1969 391 2018 αὗ
419 1979 539 2031 γένος
565 1975 841 2034 μιαρώτατον
878 1977 1005 2019 τοῦτ’
1035 1979 1164 2022 ἐστίν.
1230 1983 1347 2023 Adde
1384 1997 1484 2036 quos
1520 1962 1699 2034 laudat}

218 2057 410 2097 Reiskius
447 2060 498 2098 ad
534 2059 699 2110 Dionys.
729 2060 935 2098 Halicarn.
966 2060 1130 2110 Antiqu.
1167 2061 1287 2100 Rom.
1319 2061 1358 2099 11
1396 2062 1463 2100 19.
1529 2055 1685 2122 Ροττοέξ

220 2131 463 2186 Μοιχοὺς
500 2137 696 2175 habemus
737 2136 845 2187 apud
881 2136 1137 2176 Athenaeum
1174 2137 1231 2178 VI
1267 2150 1307 2189 Ρ.
1336 2136 1418 2176 225
1435 2138 1473 2177 d.
1540 2134 1685 2204 Mod}

219 2209 380 2251 στιδα
421 2213 529 2264 apud
559 2214 733 2252 eundem
762 2213 800 2252 X
828 2227 869 2264 p.
895 2212 974 2251 441
996 2226 1030 2252 c.
1060 2214 1142 2253 446
1156 2214 1194 2253 b.
1227 2214 1286 2254 XI
1314 2227 1355 2266 p.
1384 2215 1468 2254 494
1483 2228 1518 2264 c,
1557 2212 1684 2266 Por-w}

217 2289 408 2342 phyrium
437 2290 488 2329 de
516 2291 674 2331 Abstin.
706 2292 745 2330 11
775 2291 827 2330 17
858 2295 901 2330 et
930 2291 1085 2330 ronne.
1116 2291 1154 2330 x
1183 2292 1250 2331 67.
1319 2270 1685 2348 Νεανίσκουᾴῑῇ.

219 2367 327 2418 apud
356 2367 611 2407 Athenaeum
641 2369 699 2410 VI
734 2382 775 2420 p.
807 2368 927 2407 224c
968 2372 1010 2407 et
1047 2368 1266 2407 Stobaeum
1295 2368 1406 2408 Flor.
1436 2369 1589 2412 XCVII
1616 2366 1682 2419 8.*ἶὲ

218 2443 281 2483 De
324 2437 619 2500 Οἰωνιστῇ,
658 2459 776 2498 quam
807 2445 1008 2485 Caecilius
1048 2445 1155 2497 apud
1185 2446 1455 2498 Porphyrium
1489 2446 1679 2488 Eusebi&

219 2519 367 2571 Praep.
401 2523 476 2561 Ev.
507 2522 544 2561 X
575 2524 600 2561 2
638 2537 661 2562 a
690 2524 919 2563 Menandro
947 2523 990 2562 in
1020 2522 1407 2574 Superstitioso
1436 2526 1561 2566 totam
1590 2518 1702 2575 ex-ffff

218 2610 401 2649 pressam
432 2612 521 2638 esse
551 2600 667 2649 dicit,
706 2612 828 2653 supra
857 2602 938 2640 dixi
975 2614 1016 2653 p.
1047 2601 1114 2640 32.
1182 2602 1519 2659 Fragmentomm
1555 2600 1654 2642 nihil
1700 2616 1702 2649 ι

217 2678 417 2727 superest.
471 2670 725 2730 Ὀμοίους
767 2678 906 2719 laudat
941 2678 1090 2720 Athen.
1118 2677 1178 2719 xl
1215 2691 1258 2733 Ρ.
1285 2679 1420 2722 471c.
1477 2675 1561 2722 Sed
1591 2677 1652 2720 lu·
1699 2661 1702 2735 l
