1702 3190
639 135 868 164 uicorum«.
1420 118 1507 162 257

25 233 161 295 ὃῶρᾳ,
187 238 260 281 ubi
286 241 402 280 recte
430 236 708 280 Ruhnkenius
735 235 789 277 ad
817 235 927 276 Tim.
968 246 1011 289 p.
1039 235 1126 276 282
1172 231 1384 290 Νικοφῶν
1412 246 1505 276 eor-

24 305 135 374 rigit.
201 319 402 361 Eiusdem
441 318 610 360 fabulae
646 328 798 358 nomen
833 327 910 370 pro
940 310 1170 370 Πανδάρῳ
1209 314 1363 355 Suidae
1402 326 1438 356 s.
1466 326 1506 354 v.

24 394 223 454 κοιμίσαι
250 397 433 439 restituit
469 398 672 438 Kusterus

139 472 602 532 Χειρογάστορες.
650 475 788 516 Huius
816 472 984 515 fabulae
1014 473 1186 526 plenum
1215 471 1381 512 titulum
1410 475 1505 513 sunt

25 557 97 609 qui
139 557 411 598 Scholiastam
454 554 740 607 Aristophanis
782 554 859 594 Ar.
906 552 1020 593 1550
1073 564 1270 593 servasse
1322 550 1507 598 credant,

26 636 97 677 uhi
126 636 276 677 citatur
305 630 517 688 Νικοφῶν
543 630 591 672 ἐν
623 627 993 686 Χειρογαστόρων
1021 630 1155 688 γέννᾳ

473 707 624 760 Αὐτὸς
648 705 801 765 ὀλίγον
828 707 965 766 ἄναγε
996 707 1052 762 δή

256 785 347 832 ἀπὸ
377 789 456 842 τῆς
490 786 785 847 διᾳροᾳόρου.

22 869 109 912 Sed
138 872 366 924 permirum
396 877 460 913 est
489 874 532 913 in
561 873 712 913 atticae
743 872 984 914 comoediae
1013 870 1152 912 indice
1181 866 1430 910 vocabulum
1460 870 1504 907 et

19 961 97 991 usu
127 955 170 990 et
197 951 331 992 forma
361 965 475 993 mere
503 953 717 1005 poeticum
748 957 873 1005 atque
910 966 934 993 a
965 949 1175 991 communi
1206 947 1373 989 dicendi
1405 959 1504 987 con·

19 1030 238 1070 suetudine
267 1044 438 1084 prorsus
467 1033 664 1073 alienum.
736 1032 1033 1085 Operm-iorum
1075 1028 1260 1082 origines
1290 1027 1356 1068 vel
1389 1030 1504 1067 nata·

19 1108 84 1149 les
119 1110 156 1150 si
190 1109 425 1163 significare
462 1112 665 1152 voluisset
702 1112 950 1164 Nicophon,
998 1122 1081 1150 non
1131 1107 1312 1147 dubitari
1364 1108 1506 1160 potest

18 1188 116 1240 quin
150 1185 518 1244 Χειρογαστόρων
545 1186 676 1241 γοναί
704 1191 871 1230 fabulae
901 1190 1081 1230 indicem
1112 1187 1302 1228 facturus
1340 1185 1505 1235 fuisset,

19 1279 140 1320 quesn
180 1269 233 1308 ad
269 1270 438 1310 modum
467 1265 625 1318 Πανὸς
654 1267 786 1322 γονὰς
821 1271 986 1324 scripsit
1015 1269 1192 1317 Amos,
1232 1262 1336 1313 Διὸς
1371 1261 1506 1318 γονὰς

19 1347 236 1397 Philiscus,
277 1345 475 1388 ΠΙουσῶν
511 1345 648 1402 γονὰς
684 1349 921 1402 Polyzelus‚
966 1343 1181 1397 Ἀθηνᾶς
1218 1340 1352 1398 γονὰς
1389 1345 1503 1386 Her-

19 1427 196 1480 mippus,
232 1421 512 1482 ’Λφροῦίτης
539 1425 672 1481 γονὰς
702 1429 960 1482 Antiphanes
1000 1431 1043 1468 et
1079 1427 1170 1480 ipse
1209 1426 1263 1466 de
1302 1437 1384 1479 quo
1416 1424 1503 1477 agi-

20 1519 111 1555 mus
150 1507 387 1560 Nicophon.
455 1509 518 1549 Ac
554 1509 696 1550 nescio
737 1523 788 1550 an
827 1508 894 1549 vel
930 1508 1012 1548 hoc
1051 1511 1296 1560 argumento
1336 1507 1504 1546 corruat

18 1586 243 1637 welckerL
272 1588 593 1640 ingeniosissimi
624 1590 716 1640 viri,
747 1589 1001 1639 coniectura,
1032 1588 1103 1639 qui
1132 1587 1174 1627 in
1189 1584 1418 1628 Annalibus
1434 1584 1502 1626 ln-

22 1669 106 1706 ant.
143 1667 352 1709 archaeol.
396 1668 436 1708 11
474 1670 501 1709 2
537 1682 579 1722 p.
618 1668 703 1710 245
734 1681 824 1721 sqq.
861 1669 935 1708 illo
976 1666 1296 1719 Nicophonteae
1334 1664 1504 1706 fabulae

21 1744 143 1785 titulo
173 1748 353 1787 confisus
385 1743 768 1802 Χειρογαστόρων,
800 1760 904 1801 quos
934 1746 1100 1787 Palicos
1130 1759 1224 1788 esse
1253 1745 1398 1794 voluit,
1428 1757 1501 1785 na-

22 1823 126 1865 tal·-
152 1824 196 1865 in
225 1825 381 1865 vasculi
412 1829 462 1866 ab
491 1829 584 1880 ipso
612 1829 810 1881 descripti
840 1828 1003 1881 pictura
1033 1827 1084 1867 ad
1101 1826 1377 1879 Nicophontis
1406 1825 1500 1865 imi-

0 1904 220 1966 {tationem
246 1911 584 1958 repraesentato·
615 1920 710 1948 esse
750 1908 829 1947 sibi
868 1907 1087 1959 persuasit.
1125 1907 1196 1958 ³⁰)
1266 1906 1501 1957 Corruptus

0 1979 149 2043 {igitur
178 1987 242 2024 est
256 1985 573 2038 Nicophonteae
601 1986 770 2027 fabulae
800 1986 933 2038 qualis
963 1987 1014 2026 ab
1044 1999 1128 2026 uno
1147 1984 1381 2026 Scholiasta
1402 1984 1500 2026 Ari-

0 2062 232 2115 ietop'hanis
268 2065 458 2116 proditus
495 2072 586 2117 est,
631 2067 780 2116 index,
819 2066 1168 2117 scribendumque
1204 2065 1296 2105 sine
1334 2064 1497 2104 dubita-

0 2136 136 2202 }tione
177 2138 224 2179 ἐν
255 2138 647 2198 Χειρογάστορσιν,
676 2143 811 2199 γέννᾳ
839 2150 1002 2195 autem,
1043 2147 1086 2185 in
1124 2157 1207 2197 quo
1245 2145 1344 2196 quid
1374 2145 1501 2184 lateat

0 2205 201 2260 *fortasse
237 2219 329 2259 aliis
370 2233 518 2264 eruere
556 2223 790 2277 continget,
830 2236 925 2264 cum
961 2206 1113 2276 poetae
1139 2218 1294 2277 χρήσει
1326 2222 1502 2263 coniun-

86 2413 159 2464 ⁸⁹)
195 2414 312 2457 Haec
349 2417 446 2458 dum
484 2418 619 2459 scribo
659 2421 877 2462 commode
912 2421 1086 2461 affertur
1126 2419 1355 2460 Ilei-manni
1396 2418 1494 2460 diss.

1 2387 5 2410 l

2 2411 8 2432 l

3 2477 10 2526 ,¹
137 2469 191 2536 (le
220 2473 412 2526 Aeschyli
429 2476 639 2525 Aetnaeis,
670 2479 710 2518 in
743 2492 822 2530 qua
851 2493 892 2531 p.
923 2480 950 2518 9
980 2491 1068 2530 sqq.
1088 2478 1418 2519 Welckerianam
1441 2478 1495 2517 il-

3 2531 10 2592 '3
135 2526 216 2594 hus
267 2532 420 2570 vasculi
468 2533 655 2583 picturae
699 2536 1083 2588 interpretationem
1129 2536 1403 2587 gravissimis,
1446 2538 1495 2575 ut

138 2584 239 2623 m1hi
276 2587 459 2636 videtur,
499 2593 754 2641 argumentis
797 2593 1064 2644 impugnavit.
1130 2593 1250 2644 Quod
1290 2593 1351 2632 vir
1380 2604 1493 2631 sum-

137 2653 228 2680 mus
261 2643 571 2708 lJ'icophonteae
612 2648 778 2689 fabulae
816 2650 978 2690 titulum
1018 2650 1060 2689 in
1099 2650 1378 2701 suspicionem
1408 2660 1492 2688 non

134 2703 308 2748 vocat-lt,
339 2712 436 2739 casu
466 2704 603 2752 potius
633 2718 762 2757 quam.
785 2707 957 2749 consilio
986 2706 1143 2748 factum
1174 2708 1366 2746 arbitror.

8 2790 11 2799 ⁸
82 2781 172 2820 Hist-
194 2786 270 2823 crit.
296 2787 397 2822 Com.
424 2801 537 2832 graec.
1169 2785 1223 2824 ῙΊ
