1702 3190
0 110 6 190 l
594 146 925 179 manuninum.
1414 136 1500 178 369

0 254 118 305 lticls
156 252 390 295 laudantur.
458 249 666 293 Victorias
709 248 950 303 reportavit,
994 252 1042 290 ut
1089 261 1140 291 ex
1181 249 1331 292 eodem
1371 249 1501 291 Suida

26 335 234 382 discimus,
263 343 438 372 numero
467 330 628 378 decem,
657 328 859 369 histrione
888 339 1002 377 nsua,
1032 332 1078 368 ut
1095 330 1343 370 Aristoteles
1370 329 1499 372 Rhet.

26 414 87 455 111
117 415 170 454 12
201 412 335 459 docet,
376 410 642 450 Philemone:
678 402 846 459 ἀνάγκη
883 404 928 445 δὲ
965 402 1260 459 μεταβάλλειν
1298 404 1350 447 τὸ
1387 403 1500 447 αὐτὸ

23 489 252 544 λέγοντας·
291 481 398 543 ὅπερ
433 483 493 536 ὦς
528 483 819 543 προοδοποιεῖ
849 482 909 540 τῷ
947 480 1293 540 ὑποκρίνεσθαι·
1336 477 1502 535 «οὗτός

7 569 184 622 ,dorm
213 564 237 610 ὁ
265 566 433 620 κλέψας
462 561 596 620 ὑμῶν,
618 555 749 612 οὗτός
775 561 897 603 ἐστιν
926 558 951 603 ὁ
980 559 1280 615 ἐξαπατήσας,
1311 556 1440 613 οὗτος
1473 561 1498 606 ὁ

25 646 112 694 «τὸ
150 645 336 702 ἔσχατον
371 643 616 700 προδοῦναι
651 636 975 698 ἐπιχειρήσας.»
1034 633 1132 682 οἷον
1171 642 1248 683 καὶ
1284 639 1502 697 Φιλήμων

26 725 51 770 ὁ
80 723 314 782 ὑποκριτὴς
342 720 479 764 ἐποίει
508 719 556 763 ἔν
585 736 631 762 τε
668 720 722 780 τῇ
762 716 1124 776 Ἀναξανδρίδου
1151 718 1502 779 Γεροντομανίᾳ,

24 799 95 849 ὅτε
123 804 235 858 λέγει
265 798 621 856 «“Ραδάμανθυς
649 799 725 842 καὶ
754 796 1039 856 Παλαμήδης
1052 812 1092 850 >>,
1123 800 1199 841 καὶ
1228 800 1277 842 ἐν
1304 801 1364 860 τῷ
1393 816 1503 858 προ-

22 881 137 941 λόγῳ
164 882 252 924 τῶν
279 877 492 935 Εὐσεβῶν
520 878 571 922 τὸ
603 879 719 936 «ἐγώ
731 894 774 923 >>,
812 883 1101 923 Philemonem
1119 882 1367 923 histrionem
1388 896 1503 924 com-

24 966 226 1008 memorat
241 963 470 1004 Aeschines
487 976 523 1004 e.
541 962 751 1003 Timarch.
781 963 919 1015 p.132
949 961 1052 1002 Rsk.
1083 953 1274 1015 εἰληφώς
1292 956 1504 1015 ἠλέγχθη

28 1039 151 1100 παρὰ
179 1038 482 1093 Λευκωνίδου,
533 1038 613 1081 τοῦ
655 1036 923 1081 Φιλωτάδου
958 1038 1192 1092 κηδεστοῦ,
1239 1037 1315 1081 διὰ
1359 1036 1506 1092 Φιλή-

25 1135 161 1179 μονος
188 1119 268 1162 τοῦ
296 1117 552 1176 ὑποκριτοῦ,
595 1118 732 1160 εἴκοσι
761 1118 887 1174 μνᾶς.
949 1123 1066 1173 Quae
1102 1134 1186 1162 non
1225 1121 1367 1162 dubito
1405 1121 1506 1174 quin

32 1204 88 1244 de
118 1203 265 1243 eodem
294 1201 366 1241 illo
400 1202 646 1242 Philemone
674 1200 946 1254 intelligenda
979 1201 1077 1240 sint.

140 1283 188 1322 In
234 1280 469 1320 fabularum
520 1281 682 1320 ratione
732 1279 919 1320 nonnihil
954 1290 1136 1320 novasse
1173 1278 1507 1321 Anaxandridem

25 1361 178 1405 guidae
208 1363 368 1400 constat
396 1333 649 1409 testimonio,
681 1360 750 1412 qui
764 1359 944 1412 primum
975 1371 1070 1399 eum
1102 1354 1265 1413 ἔρωτας
1281 1358 1359 1398 καὶ
1387 1371 1506 1413 παρ-

24 1438 176 1482 θένων
202 1435 384 1494 φθορὰς
411 1438 563 1479 fabulis
600 1440 686 1480 suis
726 1439 954 1479 intexuisse
992 1439 1141 1489 tradit,
1180 1451 1287 1491 quae
1324 1438 1507 1478 reddens

26 1519 212 1562 Eudocia
251 1522 410 1558 tantum
449 1518 610 1559 facinus
649 1519 884 1558 abominata
914 1512 1176 1571 παμμιάρου
1204 1529 1357 1557 nomen
1390 1517 1508 1568 inge-

28 1598 146 1638 nioso
187 1601 335 1651 poetae
374 1597 523 1637 indidit
571 1598 659 1638 Ion.
705 1611 746 1650 p.
778 1599 844 1637 60.
919 1597 1225 1638 Anaxandridis
1270 1597 1508 1649 exemplum

31 1677 229 1729 deinceps
259 1677 424 1729 sequuti
455 1681 551 1717 sunt
579 1677 859 1730 Antiphanes,
889 1677 1030 1717 Alexis
1060 1677 1212 1727 aliique
1240 1675 1404 1715 mediae
1432 1687 1509 1715 no-

29 1769 190 1809 vaeque
219 1757 460 1796 comoediae
491 1760 695 1797 auctores.
756 1757 974 1810 Ingenium
1004 1759 1176 1807 poetae,
1214 1754 1267 1794 ‹le
1299 1766 1379 1805 quo
1410 1755 1509 1795 natis

7 1834 260 1876 ·honorifice
305 1837 514 1876 iudicasse
550 1836 818 1877 Aristotelem
865 1849 914 1875 ex
957 1834 1170 1886 frequenti
1207 1834 1509 1875 Anaxandridis

30 1916 426 1956 commemoratione
458 1915 602 1966 (velut
630 1915 760 1956 Rhet.
791 1915 852 1954 111
884 1914 951 1954 10.
984 1914 1052 1954 11.
1086 1914 1153 1963 12,
1184 1913 1284 1954 Eth.
1316 1913 1368 1952 ad
1396 1912 1507 1954 Eud.

31 1993 89 2036 Vl
118 1995 186 2044 1⁰,
229 1995 280 2034 ad
321 1995 483 2036 Nicom.
510 1996 590 2037 VII
631 1996 717 2046 10)
758 1994 869 2034 haud
904 1997 1064 2033 temere
1101 1992 1316 2041 coniicias,
1354 1992 1511 2045 optime

32 2074 226 2126 cognosci
255 2077 395 2125 potest
425 2087 474 2114 ex
504 2074 762 2126 longioribus
808 2074 967 2126 >eclogis
1005 2084 1105 2124 quas
1147 2072 1326 2112 servavit
1356 2073 1507 2113 Athen.

34 2150 92 2191 IV
121 2163 163 2202 p.
192 2151 290 2190 131.
335 2152 395 2192 VI
430 2164 472 2202 p.
503 2153 644 2192 2271).
681 2152 765 2192 242
785 2152 825 2192 d.
871 2153 952 2194 V11
990 2164 1032 2203 p.
1063 2149 1188 2190 2991*
1222 2154 1266 2190 et
1302 2150 1510 2191 Stobaeus

2 2240 11 2302 f
37 2226 170 2267 Serm.
200 2228 254 2266 68
286 2241 328 2280 p.
359 2228 442 2268 277
474 2229 591 2268 Grot.

3 2306 11 2384 P
150 2306 349 2358 Superest
389 2310 435 2348 ut
473 2308 708 2349 fabularum
752 2306 897 2347 titulos
921 2319 1244 2347 recenseamus:
1273 2301 1513 2362 ''Arpoc-

3 2389 11 2442 ᾗ
38 2395 122 2422 κοι
149 2384 259 2436 apud
286 2386 438 2426 Athen.
453 2387 511 2426 XI
543 2401 584 2439 p.
615 2387 698 2426 463
716 2386 747 2426 f.
778 2386 860 2425 481
881 2385 911 2425 f.
942 2386 1042 2427 XIV
1072 2399 1113 2439 p.
1146 2386 1228 2425 642
1249 2386 1289 2435 b,
1319 2386 1510 2427 Macroh.

4 2443 7 2506 ζ
41 2463 126 2503 Sat.
164 2462 276 2516 Vp.
307 2464 402 2504 562.
476 2459 747 2517 Ἀγχίσης
791 2465 900 2517 apud
937 2465 1091 2506 Athen.
1130 2465 1189 2506 Vl
1233 2478 1275 2518 p.
1306 2465 1430 2504 2631>
1471 2469 1514 2505 et

4 2535 7 2569 3³
41 2541 148 2581 Poll.
190 2541 245 2581 lx
283 2543 336 2581 59
381 2543 446 2583 cll.
478 2544 536 2585 vl
578 2543 672 2582 161.
748 2535 965 2596 Αἰσχρὰ
1008 2544 1116 2594 (nisi
1162 2543 1280 2584 malis
1320 2541 1512 2596 Λῖσχρα,

4 2604 8 2645 Ῐ
41 2619 152 2672 quod
181 2620 364 2660 mulieris
393 2634 544 2663 nomen
574 2626 650 2671 est,
681 2635 719 2661 v.
751 2635 785 2662 c.
818 2622 927 2674 apud
945 2623 1266 2675 Callim.Epigr.
1296 2622 1372 2674 53)
1403 2621 1514 2673 apud

4 2693 11 2723 ,2
42 2697 193 2739 Athen.
222 2696 263 2738 X
290 2709 332 2750 p.
362 2698 446 2737 455
463 2699 494 2739 f.
527 2694 591 2744 'A
603 2698 805 2758 ντερῶν
832 2702 933 2742 ibid.
955 2702 1055 2746 XIV
1084 2716 1126 2756 p.
1158 2701 1299 2741 6541».
1336 2695 1514 2752 Ἀχιλ-

100 2791 195 2827 nist.
217 2791 291 2827 crit.
317 2793 416 2828 Com.
442 2803 557 2836 graec.
1174 2784 1233 2825 24
