1702 3190
435 157 489 187 na
518 157 676 186 nnuma
708 157 946 188 comanus
976 157 1147 187 mora.
1433 146 1520 190 275

44 259 152 311 mos,
184 272 207 300 a
236 258 384 312 quibus
410 258 702 299 denominatae
729 261 837 310 sunt,
866 258 908 299 in
940 272 1105 299 scenam
1121 258 1390 312 produxerint
1416 265 1522 315 poe·⁴

43 343 112 379 tae
140 343 354 391 totumque
384 339 617 378 fabularum
649 341 935 391 argumentum
967 338 1018 377 ad
1048 351 1121 379 eos
1150 339 1218 380 vel
1246 339 1522 382 ludificandos

43 419 109 459 vel
139 430 386 470 quocunque
416 419 538 458 modo
570 416 799 470 carpendos
830 417 1077 465 direxerint,
1118 416 1297 457 dubitari
1328 432 1411 458 non
1441 432 1519 471 po-

41 500 135 537 test.
208 498 350 549 ltaque
389 498 528 537 multis
567 497 735 548 quidem
777 495 819 534 in
861 495 1013 534 fabulis
1053 495 1228 535 eandem
1260 509 1382 548 quam
1411 499 1518 538 anti-

41 588 147 628 quae
177 577 415 616 comoediae
445 580 633 615 auctores
663 574 865 613 rationem
897 574 1062 626 sequuti
1092 579 1214 626 sunt,
1250 576 1326 616 sed
1369 577 1427 616 ita
1456 581 1518 628 ut,

41 667 166 707 quum
203 655 263 694 illi
299 654 448 693 acerbo
487 653 663 705 quodam
703 652 912 706 plenoque
948 654 1128 696 invidiae
1165 655 1332 695 iocandi
1360 668 1519 708 genere

38 733 103 772 usi
132 736 295 779 essent,
332 731 494 770 mediae
531 731 772 771 comoediae
809 735 1000 773 auctores
1031 733 1128 773 lene
1159 735 1366 787 quoddam
1396 736 1519 776 mini-

37 822 186 861 meque
223 810 472 850 virulentum
517 811 720 850 irrisionis
764 824 895 863 genus
941 815 1216 853 sectarentur.
1283 815 1413 855 Cuius
1453 815 1518 856 rei

35 899 178 928 causas
217 900 299 928 non
338 902 387 929 ex
427 890 522 943 lege
558 891 630 930 illa
672 889 772 944 περὶ
812 889 890 930 τοῦ
928 887 990 944 μὴ
1020 890 1245 947 κωμῳδεῖν
1280 887 1519 946 ὀνομαστί,

35 979 157 1020 quam
187 968 256 1020 qui
286 968 401 1009 brevi
430 974 524 1009 ante
540 971 834 1023 Aristophanis
864 971 1063 1011 Cocalum
1094 972 1219 1012 latam
1250 973 1377 1013 tradit
1405 976 1520 1014 Ano-

33 1059 182 1099 nymus
229 1048 281 1088 de
318 1049 436 1088 Com.
481 1062 523 1101 p.
563 1050 764 1090 XXXVII
808 1062 869 1101 sq.
912 1049 1076 1091 diversa
1122 1055 1311 1105 tempora
1351 1053 1519 1094 videtur

10 1128 368 1178 commiscuisse,
408 1128 483 1168 sed
514 1141 564 1167 ex
593 1128 794 1180 languore
825 1128 1003 1180 quodam
1035 1133 1077 1170 et
1120 1131 1269 1170 inertia
1297 1131 1381 1170 illis
1410 1135 1518 1172 tem-

32 1207 203 1260 poribus
233 1220 309 1260 per
348 1220 492 1247 omnes
530 1208 683 1247 civium
714 1207 881 1248 ordines
913 1209 1184 1260 aequabiliter
1213 1209 1364 1250 diffusa
1394 1224 1518 1265 repe-

33 1286 178 1326 tendas
210 1287 411 1328 existimo.
445 1288 518 1338 4⁹)
586 1288 782 1327 Ceterum
812 1300 894 1327 non
926 1287 1267 1328 dissimulandum
1299 1293 1364 1329 est
1392 1290 1515 1331 fabu-

33 1361 166 1405 larum
202 1377 302 1418 quas
341 1378 465 1418 snpra
501 1365 693 1406 recensui
737 1379 818 1405 non
856 1366 1031 1406 eandem
1073 1368 1257 1407 omnium
1287 1367 1418 1408 fuisse
1447 1381 1516 1408 ra-

31 1442 202 1490 tionem.
270 1445 390 1485 Aliae
420 1446 553 1496 enim,
583 1450 630 1485 ut
659 1446 864 1497 Dionysus
895 1445 1072 1495 Eubuli,
1104 1447 1323 1500 Philippus
1355 1448 1515 1488 Mnesi-

30 1522 189 1572 nachi,
226 1522 404 1565 fortasse
435 1526 558 1566 etiam
590 1526 746 1566 Cratini
777 1524 1180 1576 Dionysalexander‚
1217 1540 1301 1566 non
1335 1527 1378 1566 in
1418 1528 1514 1567 atti-

26 1601 94 1642 cis
122 1602 278 1642 civibus
308 1606 637 1658 perstringendis
667 1605 953 1653 versabantur,
985 1605 1060 1644 sed
1090 1605 1266 1646 infestos
1281 1605 1514 1647 Athenien-

33 1679 139 1720 sium
168 1682 324 1722 nomini
353 1697 475 1737 reges
505 1686 806 1738 Syracusarum
837 1683 1111 1724 Macedoniae
1142 1685 1388 1726 Thessaliae
1419 1698 1515 1726 exa·

31 1757 226 1812 ‘itabant
291 1762 406 1803 Alias
442 1777 569 1817 porro
607 1778 690 1806 non
729 1779 753 1806 a
793 1764 894 1804 vivis
933 1767 975 1803 et
1010 1764 1252 1815 aequalibus
1293 1767 1515 1817 poetarum

33 1836 294 1890 hominibus,
330 1842 405 1882 sed
444 1844 495 1883 ab
534 1845 692 1884 dudum
731 1844 943 1884 defunctis
989 1847 1155 1883 vocatas
1186 1856 1278 1883 esse
1307 1844 1512 1896 suspicor,

34 1929 85 1958 nx
119 1931 201 1972 quo
237 1933 394 1973 genere
428 1928 525 1963 sunt
563 1925 850 1964 Theramenes
883 1924 1070 1976 Lampon
1112 1923 1286 1972 Timon,
1329 1921 1512 1964 fortasse

33 1997 157 2038 etiam
195 1999 447 2051 Androcles,
495 2016 671 2055 quorum
710 1994 945 2044 nomihibus
994 2004 1053 2043 ita
1093 2007 1239 2056 poetas
1277 2015 1377 2043 usos
1418 2016 1512 2044 esse

31 2079 148 2129 puto,
176 2080 224 2117 ut
251 2078 295 2119 in
325 2079 590 2122 Theramene
608 2083 925 2124 Atheniensium
959 2082 1172 2123 levitatem
1202 2085 1244 2122 et
1273 2082 1512 2123 inconstan-

31 2153 153 2202 tiam,
191 2155 234 2194 in
264 2156 477 2210 Lampone
512 2161 805 2201 sacricolarum
843 2166 886 2201 et
923 2162 1180 2202 hariolorum
1219 2162 1512 2213 arrogantiam,

0 2214 1 2228 ἶ
33 2230 78 2270 in
107 2231 285 2273 Timone
321 2234 536 2277 hominum
572 2238 852 2292 lucifugorum
884 2240 1168 2279 austeritatem
1207 2243 1249 2278 et
1285 2240 1511 2292 tristitiam,

33 2309 78 2349 in
106 2311 314 2352 Androcle
351 2317 681 2358 turbulentorum
721 2319 1044 2371 demagogorum
1084 2318 1249 2358 furores
1283 2319 1510 2372 exagitatos

5 2408 11 2450 Ἰ;
34 2387 168 2429 fuisse
215 2390 459 2436 existimem.
531 2397 717 2438 Aliarum
764 2398 944 2450 denique
990 2398 1098 2438 hauc
1135 2398 1340 2439 rationem
1376 2400 1509 2442 fuisse

4 2454 8 2536 ἐ
34 2468 234 2519 suspicari
261 2470 382 2523 licet,
410 2478 458 2514 ut
485 2488 568 2516 non
597 2480 682 2516 tam
709 2477 752 2517 in
778 2477 1019 2518 vellicandis
1049 2477 1350 2531 carpendisque
1383 2491 1506 2532 quam

33 2545 76 2586 in
105 2547 319 2591 laudandis
345 2551 582 2596 hominibus
611 2557 683 2606 iis,
712 2568 888 2609 quorum
918 2558 1084 2598 nomina
1111 2562 1286 2611 gerunt,
1316 2562 1508 2598 versatae

5 2688 11 2751 ’,
91 2707 165 2759 ⁴⁹)
196 2706 285 2748 eff.
316 2708 470 2752 anteri
496 2711 669 2757 Dissert.
699 2713 753 2754 de
781 2714 994 2769 Aritoph.
1027 2716 1150 2757 Pluto
1180 2729 1222 2768 p.
1254 2715 1323 2755 43.

6 2798 8 2805 i
1140 2795 1196 2833 18
1226 2794 1246 2816 ²&
