1702 3190
627 138 919 170 rut-oronam
1415 122 1501 163 237

29 245 145 300 plum
179 243 368 298 reperiri.
445 240 634 284 Eudocia
669 254 711 295 p.
748 240 832 281 232
871 239 998 280 verba
1036 232 1067 288 ἢ
1111 231 1343 293 Θεοδώρου
1377 237 1503 290 plane

31 324 196 366 omittit.
254 322 337 363 Sed
367 334 420 362 ne
452 321 504 360 de
535 320 779 360 Theodecte
810 318 977 370 quidem
1005 319 1063 358 ita
1090 331 1161 358 res
1192 321 1305 357 certa
1335 320 1422 365 est,
1459 318 1507 356 ut

31 403 169 444 nullus
200 401 412 442 dubitandi
441 400 557 440 locus
585 399 757 438 relictus
786 398 852 438 sit.
918 397 1116 438 Aelianus
1151 401 1266 436 certe
1303 396 1346 436 in
1378 407 1508 448 opere

31 482 85 522 de
113 480 381 521 Protidentia
412 478 673 531 Theopompi
702 481 861 529 patrem
890 488 1028 529 neque
1051 475 1340 515 Th‘eodectem
1369 487 1508 527 neque

35 559 305 600 Theodorum
336 557 478 606 edidit,
508 557 582 596 sed
612 555 891 603 Tisamenum‚
922 555 1032 607 apud
1063 554 1231 595 Suidam
1262 567 1296 592 s·
1326 567 1365 593 v.
1401 548 1510 592 Θεό-

37 650 225 691 πομπος.
257 637 393 679 Verba
421 635 527 675 haec
554 637 670 674 suut:
701 624 772 672 ὅτι
796 627 1073 683 Ἀσκληπιὸς
1104 631 1179 671 καὶ
1208 628 1297 670 τῶν
1325 628 1372 670 ἐν
1402 644 1507 671 παι-

35 713 134 772 δείᾳ
171 705 228 765 ἦν
264 707 517 767 προμηθὴς.
595 706 737 767 ‘Bady
779 709 888 764 γοῦν
937 707 1206 765 Θεόπομπον
1251 704 1511 766 ῥινούμενόν

34 795 154 845 (fort.
183 787 483 849 ῥικνοὺμενόν)
514 803 558 830 τε
586 789 663 830 καὶ
690 787 949 845 λειβόμενον
978 786 1138 831 ἰάσατο
1170 788 1246 829 καὶ
1274 786 1508 844 κωμῳδίας

21 861 173 922 ,αὖθις
202 866 426 911 διδάσκειν
454 868 633 924 ἐπῆρεν,
664 866 905 924 ὁλόκληρόν
934 884 979 910 τε
1008 870 1086 910 καὶ
1115 867 1206 910 σῶν
1235 868 1310 908 καὶ
1341 863 1510 924 ἇρτεμῆ

33 945 339 1007 ἐργασάμενος.
397 948 494 990 Καὶ
530 945 753 990 δείκνυται
787 949 864 990 καὶ
903 948 984 990 νῦν
1012 944 1099 990 ὑπὸ
1130 946 1251 1005 λίθῳ
1286 950 1357 1001 ³¹)
1403 945 1514 988 Θεο-

24 1026 214 1085 ,πόμπου
243 1024 504 1084 (πατρόθεν
533 1024 855 1082 ὁμολογοῦντος
885 1024 1024 1069 αὐτὸν
1053 1026 1133 1068 τοῦ
1162 1022 1508 1084 ἐπιγράμματος.

24 1106 291 1163 ῖΤισαμενοῦ
321 1105 404 1163 γὰρ
431 1097 488 1159 ἦν
518 1103 631 1163 υἱός)
661 1107 844 1149 εἴδωλον
871 1105 1054 1164 Παρίας
1082 1106 1236 1149 λίθου.
1291 1106 1390 1147 Καὶ
1419 1103 1517 1147 ἔστι

37 1187 88 1230 τὸ
119 1187 313 1242 ἴνδαλμα
343 1185 423 1227 τοῦ
452 1182 633 1237 πάθους
661 1184 783 1241 μάλα
812 1186 1006 1244 ἐναργές.
1076 1189 1162 1228 Iam
1200 1189 1389 1239 sequitur
1422 1189 1514 1240 ipsa

37 1269 260 1311 marmorei
297 1267 436 1320 operis
481 1267 720 1321 descriptio.
789 1268 903 1309 Iacet
941 1268 984 1308 in
1012 1267 1168 1307 lectulo
1201 1267 1515 1321 Theopompus,

18 1335 228 1397 -ladstante
255 1352 423 1401 praeter
451 1347 746 1400 Aesculapium
776 1348 980 1389 medicam
1017 1360 1183 1388 manum
1214 1351 1387 1399 aegroto
1417 1360 1516 1400 por-

31 1430 242 1483 rigentem
284 1427 437 1467 tenello
474 1439 626 1479 puero,
675 1441 757 1480 qno
795 1433 964 1482 poetam
1001 1421 1306 1479 φιλοπαίστην
1343 1427 1517 1466 indicari

26 1509 185 1550 *censet
214 1506 436 1547 Aelianus:
474 1501 582 1556 γελᾶ
622 1501 706 1560 γὰρ
741 1507 817 1547 καὶ
848 1504 924 1556 τῆς
953 1501 1186 1562 κωμῳδίας
1215 1501 1266 1545 τὸ
1298 1486 1414 1545 ἴδιον
1443 1501 1519 1544 διὰ

41 1581 278 1640 συμβόλων
306 1577 561 1624 αἰνίττεται.
625 1589 742 1639 Quae
772 1587 947 1626 multum
978 1600 1127 1626 vereor
1156 1599 1210 1626 ne
1238 1586 1344 1626 falsa
1374 1586 1426 1624 sit
1455 1586 1518 1625 in-

41 1665 299 1720 terpretatio.
357 1665 470 1704 Puer
510 1664 688 1707 fortasse
729 1667 839 1706 filius
876 1666 1143 1719 Theopompi
1184 1668 1261 1706 est.
1326 1665 1519 1705 Aetatem

27 1745 308 1807 ‹vTheopompi
336 1744 393 1784 ita
423 1745 569 1784 definit
599 1745 748 1785 Suidas
782 1751 830 1786 ut
869 1745 1085 1797 aequalem
1126 1757 1221 1784 eum
1250 1744 1380 1784 fuisse
1411 1743 1522 1783 dicat

39 1824 344 1876 Aristophanis.
410 1825 471 1864 Ac
509 1837 609 1864 sane
639 1825 936 1878 Laespodiam,
974 1837 1096 1877 quem
1135 1824 1312 1864 maxime
1352 1823 1519 1875 Olymp.

48 1902 141 1943 XCI
171 1907 214 1943 et
242 1902 358 1942 XCII
390 1902 635 1943 inclaruisse
676 1908 836 1944 constat
876 1918 926 1944 ex
969 1903 1218 1956 Thucydide
1260 1903 1316 1944 VI
1357 1903 1440 1941 105
1479 1906 1522 1942 et

36 1981 149 2024 ‚v111
177 1982 246 2030 86,
278 1982 519 2033 perstrinxit
553 1982 596 2022 in
625 1982 766 2024 fabula
797 1981 965 2030 Παῖδες
1002 1983 1199 2035 ins—cripta
1238 1981 1350 2034 apud
1386 1981 1522 2021 Seho-

39 2058 207 2106 ,liastam
238 2061 313 2100 Av.
344 2061 470 2101 1568.
534 2061 672 2115 Magis
710 2067 848 2102 tamen
879 2068 1063 2103 extrema
1091 2061 1382 2114 Aristophanis
1411 2064 1519 2100 tem-

0 2156 2 2200 ὲ
40 2149 152 2191 'pora
189 2143 401 2190 spectasse
437 2140 608 2179 Suidam
645 2143 734 2180 tum
778 2141 1031 2191 dramatum,
1075 2154 1182 2194 quae
1221 2141 1524 2192 Theopompus

0 2204 2 2223 ξ
54 2217 218 2265 docuit,
246 2217 358 2255 tituli
386 2217 589 2266 iudicant,
619 2217 689 2268 qui
717 2231 906 2271 maguam
936 2224 1097 2272 partem
1124 2219 1327 2259 eiusmodi
1354 2223 1450 2258 sunt
1480 2223 1526 2259 ut

54 2294 214 2334 mediae
241 2295 379 2347 potius
409 2307 530 2347 quam
559 2297 712 2337 veteris
743 2299 983 2339 comoediae
1020 2299 1173 2339 fabulis
1213 2298 1435 2338 convenire
1462 2299 1524 2338 vi-

1 2348 6 2374 l

1 2384 8 2445 ’ᾖ
56 2373 251 2421 deantur,
288 2377 375 2412 tum
414 2387 513 2413 vero
553 2376 676 2415 etiam
711 2378 803 2418 aliis
845 2378 1099 2431 argumentis
1135 2377 1394 2429 intelligitur.
1460 2378 1525 2417 Ex

3 2472 10 2512 γ’
56 2450 138 2490 hoc
165 2464 320 2504 genere
349 2456 413 2492 est
442 2452 553 2505 quod
587 2453 631 2495 in
659 2454 800 2496 fabula
825 2451 1072 2515 Ἡδυχάρης
1112 2457 1310 2510 iuscripta
1339 2456 1525 2498 Platonis

7 2652 13 2677 ἱ
54 2659 60 2662 ,
119 2625 190 2676 ³¹)
222 2625 408 2678 Toupius
444 2629 620 2676 Emend.
651 2631 670 2672 1
706 2645 748 2686 p.
778 2632 862 2673 287
903 2633 1088 2675 tentabat
1125 2629 1200 2673 ἐπὶ
1227 2626 1376 2688 τάφῳ,
1417 2631 1528 2685 quod

8 2692 11 2698 ·
171 2694 254 2724 nou
284 2683 453 2726 sufficit.
516 2728 521 2734 ,
