1702 3190
714 146 863 179 ran-o.
1440 135 1524 182 167

0 225 1 232 ἵ
47 262 143 297 tum
176 249 412 292 tabulatum
447 259 669 292 recensum
706 249 877 291 exhibet
910 250 1174 291 Andronicus
1211 248 1323 302 apud
1359 249 1523 294 Beue·

46 343 138 373 rum
174 329 333 373 Anecd.
370 327 444 369 Gr.
479 340 519 380 p.
553 328 679 378 1461,
715 328 788 369 ubi
825 326 993 370 easdem
1029 340 1132 381 quas
1168 328 1320 370 Snldas
1357 327 1522 374 fabulas

47 413 274 460 enumerat,
303 408 378 450 sed
408 406 560 448 omisso
590 406 774 449 Phaone.

154 488 224 531 Ad
251 487 435 541 singulas
464 486 627 528 fabulas
653 489 702 527 ut
728 485 954 535 veniamus,
981 478 1085 525 ’245
1099 494 1228 526 ωνιν
1264 485 1444 530 Veneris
1480 491 1524 529 et

48 566 221 620 Dionysi
257 567 310 609 de
338 566 540 610 Adonidis
566 577 710 608 amore
743 564 1095 606 concertationem
1131 564 1390 619 complexam
1430 579 1524 608 esse

51 645 224 699 colligas
253 659 305 689 ex
319 647 532 690 Athenaeo
555 643 594 686 X
620 656 666 697 p.
693 642 778 684 456
793 643 833 684 b.
892 642 1051 686 Plurali
1079 657 1254 687 numero
1277 637 1524 693 Ἀδώνιδες

47 727 219 765 vocatur
257 723 412 766 Snidae
457 736 494 766 s.
535 733 577 765 v.
615 715 880 776 α’φοδεῦσαι,
923 717 1119 763 Πλάτων
1160 718 1395 766 Ἀδώνιοι.
1467 724 1524 768 At

46 805 163 844 recte
186 803 485 845 Grammaticus
507 801 688 843 Bekkeri
709 802 869 845 Anecd.
899 815 942 857 p.
957 803 1042 844 472
1068 797 1366 858 Ἀφοδεῦσαι,
1394 796 1526 842 Πλά-

45 891 135 922 των
163 862 396 924 ’Λὸώνιδε.
453 877 663 936 σημαίνει
697 879 745 924 δὲ
785 878 860 934 [τὸ
889 877 1219 936 άποπατῆσαι1.
1287 885 1426 939 Atque
1466 884 1525 925 lta

47 961 171 1003 etiam
199 961 373 1005 Photius
402 961 551 1005 Pollux
580 965 624 1005 et
652 962 916 1007 Andronicus
943 960 1138 1004 Bekkeri.

158 1039 351 1083 Proximo
380 1041 475 1082 loco
504 1042 615 1096 apud
642 1041 818 1103 Suidam
843 1046 1193 1084 commemoratur
1228 1035 1525 1097 Ἀφιέρων.

46 1119 197 1173 Neque
225 1120 348 1162 aliter
375 1121 563 1162 Eudocia
592 1125 637 1163 et
664 1121 951 1171 Andronich
994 1122 1106 1163 unde
1135 1120 1262 1162 facile
1295 1115 1527 1176 Ἀφιερῶν

48 1198 309 1241 scribendum
345 1200 553 1242 coniicias.
619 1201 897 1242 Antiatticista
925 1213 967 1254 p.
999 1201 1083 1241 106
1120 1197 1221 1240 λέπε
1252 1200 1355 1255 (leg.
1385 1197 1526 1252 λέπει)

48 1271 151 1319 ἀντὶ
177 1275 258 1318 τοῦ
284 1272 418 1319 τύπτε
447 1279 553 1334 (leg.
583 1273 772 1332 τύπτει).
830 1273 1027 1320 Πλάτων
1061 1274 1370 1336 Ἀφιεροῦντι,
1407 1277 1528 1320 λέπει

28 1357 254 1414 ,τραχεῖαν
289 1353 412 1413 ἔχων.
485 1358 572 1401 Sed
608 1359 874 1402 scribendum
911 1360 1052 1414 potius
1087 1354 1209 1415 Ἀφ’
1251 1357 1398 1416 ἱερῶν,
1433 1360 1529 1401 sive

49 1437 165 1494 quod
194 1438 397 1480 Kusterus
428 1442 472 1480 et
499 1440 719 1482 Reinesius
749 1438 848 1483 Var.
879 1438 997 1481 Lect.
1027 1439 1089 1482 111
1118 1441 1147 1481 7
1186 1440 1423 1489 voluerunt,
1464 1435 1530 1480 At

50 1513 132 1573 ἀφ’
165 1516 310 1574 ἱερῶν,
362 1523 410 1560 ut
460 1524 632 1560 vocatur
676 1518 782 1559 haec
825 1516 969 1560 fabula
1021 1519 1134 1574 apud
1179 1519 1445 1562 Athenaeum
1490 1518 1529 1560 X

50 1605 99 1653 p.
125 1597 265 1648 446c,
300 1597 516 1639 Pollucem
545 1598 626 1641 vll
647 1598 720 1641 57,
756 1598 795 1639 X
824 1599 925 1649 190,
953 1598 1215 1653 Hesychium
1245 1612 1278 1640 s.
1308 1612 1346 1639 v.
1380 1592 1530 1637 ἀσπα-

32 1671 187 1726 ,λιεύςκ
254 1676 382 1731 Apud
408 1677 729 1720 Antiatticistam
766 1677 878 1720 unde
907 1683 1030 1720 natus
1061 1679 1115 1720 sit
1150 1691 1270 1720 error
1306 1676 1431 1718 facile
1465 1677 1529 1718 in·

50 1757 267 1811 suffigitur.
326 1757 432 1799 Nam
462 1770 589 1811 quum
616 1761 763 1802 auctor
791 1758 1005 1799 brevitatis
1037 1770 1172 1808 cansa,
1203 1757 1328 1812 plane
1357 1764 1404 1798 ut
1434 1757 1529 1798 Sui-

55 1837 129 1878 daa
165 1841 209 1877 et
245 1836 528 1887 Andronicus,
572 1838 806 1892 scripsisset
851 1832 937 1893 ἀφ’
978 1834 1104 1892 ἱερῶν
1139 1849 1216 1892 pro
1256 1837 1448 1890 pleniore
1482 1832 1531 1874 ἐν

52 1915 150 1964 1ιόιῖς
175 1910 254 1971 ἀφ’
273 1913 422 1970 ἱερῶν,
449 1917 666 1967 librarius,
696 1919 767 1970 qui
796 1919 1004 1972 genuinus
1040 1917 1208 1958 fabulae
1241 1916 1388 1957 titulus
1419 1918 1531 1955 esset

53 1996 244 2050 ignarus,
284 1997 450 2050 scripsit
484 1991 681 2036 Πλάτων
713 1991 1021 2051 Ἀᾳιεροῦντι.
1088 1996 1223 2038 Simili
1261 1995 1395 2037 errori
1429 1995 1532 2037 Am-

51 2075 272 2129 phiaraum
309 2074 494 2117 fabulam
533 2076 646 2130 apud
683 2077 826 2120 Schol.
861 2077 1077 2130 Aristoph.
1114 2076 1227 2117 Plut.
1265 2074 1349 2115 174
1386 2072 1532 2113 deberi

49 2155 266 2208 suspicor,
312 2167 420 2207 quae
464 2168 592 2208 quum
630 2167 767 2209 neque
805 2170 830 2197 a
867 2156 996 2198 Suida
1031 2167 1169 2207 neque
1202 2154 1255 2195 ab
1289 2151 1531 2196 Andronico

59 2238 431 2284 commemoretur,
467 2235 533 2276 vix
562 2234 741 2274 dubitari
771 2238 912 2287 potest
940 2235 1040 2286 quin
1070 2246 1121 2274 ex
1149 2233 1254 2275 alius
1282 2231 1451 2272 fabulae
1478 2231 1531 2272 ti-

54 2314 148 2354 tulo
187 2317 282 2355 nata
318 2314 383 2355 sit.
458 2313 715 2356 scholiastae
757 2314 884 2355 verba
917 2313 1025 2354 haec
1061 2315 1183 2353 sunte
1223 2304 1251 2351 ὁ
1288 2304 1533 2365 Πάμφιλος

62 2387 324 2444 δημαγωγὸς
349 2379 408 2441 ἦν
435 2418 492 2426 -
519 2393 598 2433 καὶ
625 2388 798 2433 ἔκλεπτε
827 2387 886 2442 τὰ
912 2388 992 2431 τοῦ
1023 2385 1179 2443 δήμου,
1208 2383 1269 2438 ὥς
1295 2387 1375 2431 καὶ
1401 2383 1532 2428 Πλά-

47 2453 151 2510 ⁴rom
180 2468 321 2524 φησὶν
347 2465 640 2528 Ἀμφιαράῳ·
671 2471 749 2512 καὶ
777 2468 830 2522 νὴ
847 2466 927 2512 Δί’
961 2464 1002 2511 εἰ
1014 2464 1267 2526 Πάμφιλόν
1292 2482 1339 2522 γε
1369 2464 1524 2525 <painel

64 2547 260 2589 κλέπτειν
297 2547 353 2589 τὰ
382 2546 494 2591 κοίν’
527 2543 623 2606 ἅμα
661 2564 705 2591 τε
736 2550 1042 2606 συκοφαντεῖν.
1110 2553 1202 2604 Quo
1240 2550 1334 2597 loco
1371 2550 1407 2590 si
1447 2549 1532 2602 pri-

56 2629 190 2671 mitus
206 2623 399 2670 Πλάτων
425 2624 535 2687 Ἀφ’
559 2628 684 2687 ἱερῶν
711 2633 909 2686 scriptum
933 2630 1065 2673 fuisse
1080 2644 1223 2685 ponas,
1254 2642 1378 2683 quam
1407 2628 1532 2669 facile

62 2707 108 2750 in
154 2709 278 2754 huius
331 2709 497 2754 fabulae
546 2713 684 2756 locum
745 2712 1019 2767 Amphiaraus
1070 2712 1298 2753 succedere
1348 2707 1532 2762 potuerit
