1702 3190
625 166 878 201 annulum.
1439 153 1496 196 05

21 291 64 333 p.
91 277 149 318 88
175 275 231 317 2⁹
276 273 411 316 allatls
440 272 543 314 nihil
573 270 746 312 efficias.
812 268 1054 320 Sequuntur
1090 263 1332 321 Μοῖραι,
1372 279 1494 321 quam

20 356 162 400 fabula
174 355 348 396 maxime
369 353 413 394 in
442 352 554 393 bello
575 347 902 392 commendando
922 347 1125 386 versatam
1144 358 1237 386 esse
1253 358 1302 387 ex
1324 347 1496 401 egregio

19 436 114 479 loeo
142 434 254 490 apud
280 433 543 477 Athenaeum
571 430 650 473 XV
677 443 721 483 p.
750 428 835 469 668
846 441 883 469 a.
912 427 1076 467 servato
1105 424 1312 466 coniicere
1339 426 1456 479 licet,

297 506 503 565 χλανίδες
532 503 576 549 δ’
588 497 717 548 οὖλαι
745 501 1103 559 καταβέβληνται

299 586 491 645 θώρακα
517 579 692 635 δ’ἑῖπας
718 582 1025 642 ἐμπόρονᾶται,

296 669 453 722 κνημὶς
481 665 527 708 δὲ
556 664 655 721 περὶ
683 661 856 722 σφυρὸν
884 660 1152 720 ἆρθροῢται,

259 771 262 774 >
296 742 491 802 βλαύτης
520 739 725 792 δὀὐδεὶς
753 738 819 784 ἔτ’
853 739 958 799 ἔρως
986 741 1154 793 λευκῆς.
1214 787 1217 789 ,

294 823 468 884 ῥαβδόν
497 820 659 879 δ’ὄψει
685 819 769 874 τὴν
796 819 1065 878 κοτταβικὴν

291 903 340 946 ἐν
367 905 458 953 τοῖς
486 900 687 961 ἁχυροῖσι
714 901 1032 957 κυλινδομένην
1059 898 1155 944 κτλ.

14 986 176 1040 Quibus
212 987 348 1028 verbis
388 986 567 1026 describi
602 985 704 1025 belli
739 987 982 1037 apparatum
1020 981 1180 1023 omissis
1215 981 1342 1022 rebus
1372 981 1490 1022 volu-

11 1066 184 1120 ptuariis
220 1069 439 1119 perspecte
476 1064 685 1105 adnotavit
714 1064 998 1111 Casaubonus.
1071 1061 1138 1103 Ad
1185 1073 1276 1102 eam
1322 1061 1490 1103 fabulae

11 1148 197 1200 partem,
234 1145 279 1185 in
319 1157 399 1196 qua
437 1143 626 1185 cottabus
652 1142 899 1192 ludebatur,
935 1143 1126 1194 spectare
1154 1140 1349 1180 videntur
1373 1140 1488 1194 frag-

12 1228 152 1266 menta
179 1223 289 1276 apud
317 1223 580 1264 Athenaeum
606 1222 667 1263 XI
696 1235 738 1275 p.
765 1222 851 1263 476
871 1221 898 1262 d
926 1223 969 1263 et
996 1220 1081 1262 486
1098 1221 1141 1271 b,
1169 1219 1242 1260 ubi
1271 1223 1487 1262 strenuum

10 1306 242 1360 potatorem
261 1302 500 1355 loquentem
519 1301 709 1342 audimus
722 1314 735 1341 ε

250 1373 355 1421 ’“Ην
383 1377 462 1433 ἐγώ
492 1374 633 1422 πάθω
661 1393 706 1421 τι
732 1373 864 1429 τήνδε
891 1372 974 1428 τὴν
1002 1372 1229 1428 λεπαστὴν
1255 1371 1431 1429 ἐκπιών,

258 1457 319 1517 τῷ
346 1454 723 1516 Διονύσῳπάντα
751 1453 984 1514 τάμαυτοῦ
1015 1452 1178 1511 δίδωμι
1201 1452 1428 1512 χρήματα.

9 1538 227 1594 mathim,
263 1544 414 1594 poetae
443 1540 610 1594 tragici,
646 1540 764 1581 cuius
793 1532 1060 1594 ὀψοφαγίαν
1089 1539 1214 1579 etiam
1245 1537 1486 1579 Teleclides

7 1618 110 1670 deit,
137 1619 295 1672 aliquas
323 1620 366 1661 in
397 1634 447 1661 ea
474 1624 616 1674 partes
644 1620 776 1662 fuisse
805 1620 929 1661 docet
955 1619 1073 1660 locus
1101 1619 1214 1672 apud
1224 1618 1484 1660 Athenaeum

8 1697 47 1741 X
71 1711 113 1752 p.
140 1698 225 1739 418
241 1699 282 1749 d,
316 1699 389 1740 ubi
424 1712 626 1754 perquam
660 1699 811 1741 festive
846 1699 968 1752 fingit
1001 1701 1149 1752 poeta,
1196 1698 1233 1739 si
1269 1698 1356 1738 raia
1392 1711 1485 1740 assa

8 1777 194 1830 latusque
223 1779 390 1820 suillum
417 1784 633 1832 praeesset
660 1778 1015 1828 Lacedaemoniis,
1043 1788 1173 1817 unum
1201 1777 1310 1817 mitti
1339 1781 1483 1819 contra

7 1857 146 1901 hostes
175 1862 374 1911 oportere
404 1859 687 1912 Nothippum:
722 1859 834 1899 hune
870 1857 981 1898 enim
1016 1856 1151 1897 solum
1187 1860 1317 1897 totam
1355 1858 1482 1899 Pelo-

7 1935 233 1991 ponnesum
261 1950 354 1978 esse
383 1937 690 1980 devoraturum.
747 1938 973 1979 Praeterea
999 1935 1192 1976 laudatur
1207 1935 1314 1977 haee
1341 1936 1484 1980 fabula

7 2015 59 2059 ab
91 2016 308 2060 Athenaeo
347 2017 386 2060 X
421 2031 464 2071 p.
500 2019 585 2060 418
604 2018 645 2068 d,
682 2017 844 2059 Polluc.
879 2016 960 2060 Vll
999 2016 1099 2056 20⁰.
1143 2015 1183 2056 X
1213 2016 1312 2066 136,
1354 2017 1484 2058 Suida

9 2106 45 2138 ⁸.
71 2108 110 2138 v.
130 2090 329 2150 Ἴακχος,
356 2097 536 2140 fortasse
565 2099 691 2139 etiam
719 2096 946 2138 Plutarcho
977 2095 1074 2137 Per.
1097 2095 1168 2145 33,
1198 2095 1251 2135 de
1277 2109 1359 2148 quo
1388 2096 1483 2137 loco

7 2184 130 2228 supra
155 2177 267 2229 p.01
297 2176 506 2218 admonui.
542 2178 668 2219 Haud
687 2177 888 2218 dissimile
917 2178 1209 2228 argumentum
1236 2175 1282 2216 in
1310 2175 1483 2231 Στρα-

6 2246 230 2302 τιώταις
257 2259 460 2297 tractasse
485 2256 663 2306 videtur,
704 2259 820 2296 certe
849 2255 1019 2296 eosdem
1049 2266 1154 2306 quos
1184 2266 1235 2294 ex
1262 2254 1482 2297 Athenaeo

2 2332 208 2385 *adscripsi
234 2347 377 2376 versus
403 2336 448 2376 in
477 2349 527 2376 ea
555 2336 714 2390 positos
741 2335 874 2376 fuisse
904 2335 1027 2374 docet
1054 2333 1288 2374 Scholiasta
1316 2335 1481 2376 Aristo-

5 2410 153 2464 phania
182 2412 406 2454 Pac.1241
435 2412 535 2468 περὶ
562 2414 644 2468 μὲν
671 2402 752 2454 οὗν
781 2411 859 2463 τῆς
887 2409 1059 2470 ῥάβδου
1087 2413 1151 2466 (in
1179 2413 1278 2454 ludo
1307 2414 1480 2466 cottabi)

2 2480 249 2543 ῐ’.Ερμιππος
276 2489 324 2531 ἐν
351 2487 654 2547 Στρατιώταις
684 2485 884 2546 “Ράβδον
910 2486 1076 2548 δ’ὅψει
1101 2488 1185 2543 τὴν
1211 2487 1482 2545 κοτταβικήν

4 2566 97 2610 κτλ.
176 2570 283 2612 Nam
319 2573 363 2614 in
398 2572 567 2614 fabulae
603 2572 771 2613 nomine
816 2576 997 2614 erratum
1044 2587 1137 2614 esse
1173 2573 1241 2614 vix
1279 2573 1481 2616 credibile

8 2651 84 2691 eet.
150 2648 217 2690 Ad
251 2651 424 2693 eandem
458 2652 625 2693 fabulae
660 2656 824 2704 partem
851 2656 1042 2706 spectare
1070 2653 1264 2694 videntur
1291 2652 1399 2693 haee
1427 2652 1480 2693 ab

10 2726 220 2771 Athenaeo
244 2729 304 2772 XI
332 2745 375 2786 p.
405 2730 527 2773 480f
551 2735 732 2775 servata:
764 2726 860 2772 Χία
889 2728 936 2771 δὲ
964 2727 1087 2785 κύλιξ
1116 2727 1238 2788 ὑψοῦ
1263 2731 1481 2787 κρέμαται
