1702 3190
627 150 980 194 PRAEFATIO.
1477 147 1556 191 vll

78 263 252 317 citatis'
272 262 648 330 locupletissimo
681 269 1016 331 proponantur.
1079 261 1255 312 Novae
1280 259 1556 313 comoediae

15 360 19 403 1
77 356 300 402 auctores
311 347 436 416 quod
448 347 541 398 duo
553 349 792 398 volumina
802 349 1078 416 impleturos
1090 362 1206 396 esse
1219 346 1336 409 dixi,
1357 363 1451 397 non
1463 327 1554 396 xiii-

79 436 321 498 rabuntur,
345 434 526 502 opinor,
548 433 625 499 qui
639 433 927 483 Philemonis
948 430 1257 482 etMenandri
1274 431 1557 496 fragmenta,

60 514 202 587 ‘quae
230 536 294 571 ex
329 536 420 585 quo
441 519 631 586 primum
665 535 695 567 a
728 535 803 568 me
833 517 962 567 edita
997 522 1108 566 sunt
1143 515 1326 581 ingenti
1361 513 1557 566 numero

79 605 364 672 locupletari
397 603 646 668 multisque
680 603 895 669 partibus
939 600 1180 651 emendari
1213 606 1447 667 possunt,
1495 601 1557 652 ad

78 689 396 756 integritatem
430 688 591 755 operis
626 687 775 738 omitti
800 703 893 737 non
919 702 1070 753 posse
1097 685 1189 735 sibi
1212 686 1558 753 persuaserint.

9 790 10 793 ’
76 775 297 827 Eandem
347 773 408 823 ob
461 790 654 825 causam
705 772 845 823 etiam
897 769 1239 838 Aristophanis
1292 771 1559 837 fragmenta

77 861 354 922 adiicerent,
409 858 503 908 nisi
544 858 713 908 falcem
757 856 806 906 in
849 855 1034 906 alienas
1077 871 1267 907 messes
1309 856 1558 908 immittere

81 942 287 1012 iniquum
322 943 559 994 ducerem.

210 1031 310 1079 Iam
345 1034 398 1078 ut
434 1028 495 1078 de
529 1032 806 1093 argumento
823 1026 1094 1094 praesentis
1129 1026 1268 1078 huius
1301 1026 1556 1077 voluminis

78 1131 201 1182 quae
245 1114 449 1165 dicenda
494 1119 607 1163 sunt
651 1112 821 1180 paucis
869 1112 1182 1178 complectar,
1239 1118 1465 1163 versatur
1505 1111 1557 1162 id

77 1193 224 1250 totum
266 1198 315 1248 in
359 1198 646 1265 explicanda
680 1202 924 1263 poetarum
959 1212 1152 1260 quorum
1187 1195 1419 1263 deinceps
1453 1198 1556 1247 fra-

76 1287 271 1350 gmenta
310 1287 572 1349 sequentur
627 1280 853 1342 historia,
897 1297 1034 1345 quam
1070 1280 1195 1346 quod
1231 1281 1444 1332 criticam
1478 1281 1557 1331 di-

77 1385 192 1420 cere
237 1385 386 1418 ausus
442 1385 573 1430 sum,
629 1366 935 1416 vehementer
978 1381 1152 1415 vereor
1204 1381 1266 1415 ne
1318 1366 1558 1432 aliquanto

78 1455 191 1522 plus
227 1470 363 1520 quam
397 1452 594 1503 eslicere
627 1451 758 1519 potui
791 1450 1074 1518 promisisse
1114 1449 1294 1500 videar.
1363 1450 1557 1501 Obver-

78 1539 273 1590 sabatur
309 1541 465 1587 autem
502 1537 656 1586 animo
690 1552 796 1586 meo
830 1537 982 1585 forma
1014 1541 1064 1586 et
1098 1534 1361 1603 descriptio
1393 1537 1557 1603 operis

79 1624 182 1674 fere
210 1639 286 1684 ea,
321 1639 457 1688 quam
492 1621 540 1670 in
574 1620 878 1689 explananda
910 1626 1146 1671 oratorum
1161 1620 1357 1671 historia
1392 1621 1556 1688 praei-

80 1708 153 1758 vit
196 1705 537 1768 Ruhnkenius‚
595 1706 657 1755 ad
700 1706 837 1755 cuius
877 1706 1084 1771 exempli
1127 1704 1467 1772 praestantiam
1511 1703 1556 1754 si

79 1792 247 1860 peritis
273 1790 507 1840 iudicibus
534 1805 627 1839 non
653 1789 907 1840 infeliciter
933 1789 1214 1856 adspirasse
1238 1789 1377 1840 visus
1404 1788 1555 1850 suem,

79 1878 204 1929 satis
246 1891 464 1941 magnum
509 1874 753 1940 impensae
798 1889 975 1940 operae
1018 1873 1221 1924 fructum
1266 1890 1340 1923 me
1384 1872 1557 1923 tulisse

79 1962 355 2014 arbitrabor.
426 1957 652 2010 Ceterum
687 1958 980 2008 meminerint
1021 1959 1065 2009 si
1100 1960 1176 2025 qui
1220 1960 1342 2009 haec
1384 1957 1556 2008 lecturi

78 2054 190 2100 sunt
222 2045 347 2096 haud
379 2044 603 2110 exiguam
626 2049 807 2111 partem
828 2059 1004 2106 eorum,
1039 2061 1160 2110 quae
1194 2045 1286 2094 hoc
1318 2042 1556 2093 volumine

78 2132 392 2192 continentur,
427 2129 620 2196 primum
648 2128 695 2178 in
714 2128 1077 2194 programmatis
1104 2128 1414 2179 scholasticis
1439 2143 1556 2194 pro-

78 2217 280 2283 positam
308 2231 439 2275 esse,
473 2214 562 2263 iam
597 2211 708 2262 inde
730 2213 788 2262 ab
809 2213 1074 2264 octodecim
1099 2213 1237 2262 annis
1272 2229 1359 2280 per
1392 2212 1555 2263 varias

82 2300 475 2353 scholasticorum
511 2297 775 2348 solennium
790 2331 794 2334 <
809 2298 1188 2364 opportunitates
1222 2297 1480 2363 evulgatis.
1492 2295 1554 2357 ἴε)

82 2386 265 2446 Quibus
301 2383 486 2450 quidem
520 2382 858 2449 scriptionibus
901 2382 1016 2432 illud
1052 2389 1185 2434 certe
1228 2383 1338 2433 mihi
1373 2397 1554 2433 conse-

78 2575 83 2578 -
134 2550 176 2602 ’)
219 2549 625 2590 Commentationum
665 2549 1020 2590 miscellanearum
1060 2549 1302 2590 Fasciculus
1342 2550 1361 2590 1
1398 2549 1554 2602 prodiit

189 2619 296 2646 anno
334 2607 672 2657 MDcccxxll,
721 2608 1018 2660 Quaestionum
1060 2608 1292 2648 senicarum
1331 2606 1553 2660 Specimen

171 2663 752 2763 ’ῐίὶὶὲζυῖἰυῦἐὲἓίέξὲίνῂ
793 2665 1019 2706 secundum
1050 2664 1430 2714 MDCCGXXVH,
1469 2668 1554 2704 ter-
