1702 3190
632 164 853 196 riuocms.
1405 142 1490 186 431

24 281 91 318 ter
115 270 398 326 undevinginti
427 270 537 319 illos,
567 281 671 321 qnos
702 281 752 308 ex
782 265 998 308 Athenaeo
1029 262 1167 303 attulit
1197 256 1492 309 Suidas‚·‹1ra-

26 360 177 397 matum
206 352 370 392 titulos.
402 351 451 389 ab
484 349 630 389 eodem
662 347 877 388 Athenaeo
906 343 1127 383 laudantur
1156 339 1356 380 'l'imoclis
1378 328 1496 377 ‘Al‘-

25 428 251 487 γύπτιοι
283 430 361 472 VII
394 443 434 482 p.
467 430 550 468 300
568 441 603 476 a,
632 427 702 466 nbi
733 422 843 477 quod
874 427 1067 474 quattuor
1094 421 1379 459 trimetrorum
1409 415 1498 456 fra-

23 516 233 566 gmentum
264 513 469 549 servatum
502 511 587 554 est,
625 505 712 544 eius
754 508 840 542 tres
878 514 1023 541 versus
1054 500 1177 539 affert
1203 498 1327 538 etiam
1357 495 1496 535 Phae-

25 590 124 630 drus
154 589 387 642 Epicureus
418 586 469 625 de
501 585 592 626 Nat.
625 584 739 622 deor.
770 595 811 634 p.
841 580 896 620 25
927 580 1020 621 Pet.
1058 578 1128 619 ubi
1156 576 1322 629 quidem
1359 572 1499 627 Τιμο-

25 666 128 718 κλῆς
154 665 200 706 ἐν
228 659 439 720 Αἰγύπτῳ
476 664 565 714 (ita
590 662 672 702 vol.
705 661 867 711 Herc.)
898 654 1091 712 δράματι
1130 657 1296 709 legitur.
1362 653 1497 692 Porro

25 740 332 791 Δακτύλιος
358 744 534 783 affertur
550 741 600 780 ab
617 740 769 781 Athen.
786 739 825 779 11
855 753 897 794 p.
916 738 999 780 295
1016 738 1056 778 b.
1082 730 1279 775 Ἐπιστ
1294 728 1418 771 ολαὶ
1438 729 1500 774 VI

24 840 66 880 p.
95 826 228 865 240e.
261 823 399 863 2431„
457 815 669 874 Σαπφώ
702 818 802 861 V111
831 832 872 872 p.
904 819 987 858 339
1006 830 1042 857 a.
1108 806 1500 860 Ψευδολῃσταὶ

0 924 1 928 ’
31 905 92 946 111
111 919 152 958 p.
183 903 264 943 109
280 914 316 942 c.
351 901 511 954 Quibus
542 900 650 939 adde
680 895 1003 937 Βαλανεῖον
1032 910 1056 936 e
1086 891 1312 935 PolluceX
1342 889 1425 929 154
1457 890 1500 927 et

0 978 310 1029 {Hom-cxciv
347 994 371 1020 e
401 979 581 1020 Stobaeo
612 980 746 1019 Serm.
776 978 911 1020 xcvl
943 978 1013 1026 22,
1052 975 1124 1015 ubi
1166 971 1278 1026 quod
1315 971 1358 1010 in
1389 979 1500 1008 mar-

0 1046 123 1118 ἒςὶιιιε
161 1061 359 1115 scriptum
397 1061 548 1113 legitur
592 1055 857 1111 Τιμοκλέους
899 1049 1209 1102 Ποντικοῦ,
1249 1049 1301 1090 ad
1339 1047 1501 1100 patriae

26 1142 279 1184 notationem
308 1142 526 1179 traxerunt
556 1139 767 1179 Gesnerus
798 1142 838 1177 et
871 1133 1144 1176 Gaisfordius.
1211 1127 1412 1171 Eiusdem
1447 1125 1500 1164 ti·

26 1222 102 1262 tuli
130 1220 291 1260 fabulas
319 1218 572 1270 scripserunt
597 1218 850 1269 Antiphanes
882 1215 1019 1258 Alexis
1052 1213 1277 1266 Epigenes,
1337 1209 1501 1250 Neae-

25 1308 131 1341 ram
168 1300 218 1339 ab
258 1297 473 1339 Athenaeo
514 1297 615 1337 Xlll
657 1311 695 1350 p.
725 1298 846 1336 5670
893 1294 1100 1334 laudatam
1147 1291 1271 1330 etiam
1312 1300 1336 1328 a
1373 1286 1502 1328 Suida

28 1377 339 1421 commemorari
360 1389 394 1418 s.
411 1387 448 1417 v.
468 1371 704 1431 ἀνάριστος
719 1375 930 1430 perspexit
940 1373 1129 1426 Toupius
1138 1368 1314 1412 Emend.
1334 1366 1351 1407 1
1379 1364 1502 1420 p.50.

28 1474 294 1499 3——
1394 1435 1397 1438 .

140 1542 228 1576 tum
267 1535 425 1575 habuit.
492 1534 717 1574 Praeterea
746 1545 872 1574 unum
905 1531 1090 1572 eiusdem
1119 1529 1298 1570 nominis
1327 1528 1503 1580 scripto·

142 1607 233 1633 rem
263 1605 588 1631 commemorare
617 1593 743 1640 iuvat,
776 1604 897 1643 quem
928 1597 1120 1640 tanquam
1149 1589 1356 1641 insignem
1386 1599 1504 1627 men·

146 1650 357 1689 daciorum
395 1649 667 1688 architectum
709 1649 840 1701 carpit
882 1648 1055 1687 Photius
1085 1646 1218 1698 Epist.
1246 1644 1302 1684 55
1333 1657 1374 1709 p.
1403 1643 1503 1684 111.

149 1703 364 1768 Τιμοκλέα
396 1702 512 1754 ποτέ,
541 1703 726 1770 μαλ’λον
739 1702 785 1744 δὲ
807 1699 1203 1755 Χ2ονθάχονθλον
1230 1699 1310 1740 τὸν
1336 1697 1504 1755 Ὀφιο-

140 1758 291 1829 κοινόν
307 1761 399 1813 (ὄεῖ
421 1759 504 1816 γὰρ
531 1759 589 1808 ώς
618 1759 725 1802 ἔοικε
756 1762 831 1801 καὶ
860 1758 916 1800 τὰ
933 1756 1138 1812 ὀνόματα
1161 1753 1503 1823 τερατεύεσθαι)

142 1817 348 1873 κουοιζων
377 1817 480 1866 ἱσως
515 1814 544 1867 ἡ
571 1817 836 1886 μειρακίζων
864 1832 955 1865 ’τοις
983 1813 1260 1870 μαθημασιν
1295 1811 1504 1866 ἧκουσας,

138 1856 411 1945 Ὀφιοκανῶν
439 1872 630 1925 ἐκείνων,
672 1888 747 1924 ους
779 1873 913 1923 αὐτὸς
942 1870 1017 1915 ὑπ
1009 1871 1244 1923 στήσατο,
1275 1873 1398 1925 γένος
1427 1870 1506 1911 καὶ

144 1945 283 1997 φυσιν
316 1947 392 1973 και
428 1930 655 1973 πολιτείαν
691 1933 767 1973 καὶ
809 1947 956 1987 μαχας
990 1931 1066 1971 καὶ
1105 1927 1231 1978 νίκας
1276 1928 1352 1970 καὶ
1392 1926 1505 1982 βίων

0 1999 2 2026 i
73 2038 75 2041 ι
142 1985 307 2038 αιῶνας
341 1989 417 2030 καὶ
456 1985 626 2039 ἡλικίας
674 1991 749 2030 καὶ
788 1987 1075 2043 εὐδαιμονίας
1122 1983 1202 2028 οὐκ
1245 1982 1504 2051 ἀνθρώπων

140 2043 281 2100 μόνον
309 2041 424 2086 ἀλ2οἰ
451 2046 525 2086 καὶ
555 2045 708 2101 φυτῶν
734 2047 810 2088 καὶ
840 2044 958 2097 ζώων
995 2060 1071 2086 και
1106 2059 1184 2098 γης
1212 2044 1288 2084 καὶ
1317 2039 1504 2084 &ahio-

144 2117 224 2154 σης
252 2104 326 2144 καὶ
355 2099 479 2169 ἀέρος
507 2104 583 2144 καὶ
627 2106 738 2158 (leg.
769 2101 884 2145 καθ’
900 2112 917 2156 )
955 2099 1204 2167 ὑπερβολην
1233 2097 1505 2155 ψευσμάτων

144 2173 189 2199 τε
172 2157 528 2215 ρατευσάμενον.
586 2164 679 2213 Quo
709 2163 802 2202 loco
832 2162 929 2214 qnid
953 2155 1347 2211 Χλονθάχονθλος
1375 2159 1506 2211 signi-

146 2217 247 2257 ficet
278 2217 329 2256 ab
359 2218 449 2256 aliis
477 2230 545 2256 me
574 2218 715 2258 doceri
743 2220 892 2259 velim:
933 2231 1011 2257 nec
1049 2218 1181 2271 magis
1211 2217 1264 2255 de
1295 2217 1509 2280 Ophioca-

148 2273 211 2313 nis
249 2271 470 2338 quidQuam
507 2273 609 2313 mihi
644 2275 835 2316 innotuit.
907 2275 1189 2336 Ophianorum
1228 2274 1420 2324 quidem,
1460 2266 1509 2312 οὶ

147 2325 226 2367 τὸν
267 2325 376 2383 ὅᾳιν
416 2324 671 2379 δοξάζουσιν
708 2330 783 2370 καὶ
829 2329 987 2371 τοῦτον
1019 2327 1229 2384 Χριστὸν
1252 2325 1501 2382 ἡγούμενοι,

150 2386 290 2427 Schol.
318 2388 458 2428 Basilii
486 2388 597 2440 apud
624 2389 878 2441 Dueangium
900 2390 999 2429 Lex.
1032 2389 1140 2428 med.
1170 2400 1308 2439 graec.
1321 2401 1361 2441 p.
1378 2388 1506 2440 1068,

151 2443 287 2483 nullus
315 2444 384 2484 hic
410 2444 572 2484 videtur
601 2445 716 2486 locus
747 2459 853 2487 esse.
921 2448 1015 2485 Hoc
1051 2449 1188 2485 tamen
1219 2446 1319 2484 satis
1349 2446 1504 2485 intelli-

154 2500 286 2566 gitur,
330 2501 527 2541 Timoclis
568 2502 718 2543 librum
755 2516 804 2542 ex
843 2503 1100 2543 Milesiarum
1141 2503 1227 2542 sive
1267 2503 1504 2543 Romanen-

152 2565 256 2596 sium
286 2559 551 2611 scriptionum
565 2572 722 2611 genere
749 2559 892 2609 fuisse,
923 2560 1131 2599 miraculis
1155 2559 1208 2598 de
1228 2559 1327 2600 ficta
1344 2560 1504 2612 Ophio-

154 2624 348 2654 csnorum
377 2621 501 2667 gente
529 2617 746 2657 refertum.
813 2618 989 2659 videtur
1027 2623 1164 2656 autem
1202 2616 1272 2657 ille
1302 2618 1401 2657 satis
1432 2630 1504 2655 an-

152 2669 291 2720 tiquus
320 2673 494 2724 scriptor
520 2672 677 2723 fuisse,
708 2686 832 2725 quum
863 2673 1062 2714 Timoclis
1091 2685 1241 2713 nomen
1271 2674 1312 2713 in
1343 2672 1505 2713 mediae

151 2727 296 2767 aetatis
324 2726 496 2770 historia
524 2729 626 2770 mihi
656 2730 822 2783 quidem
851 2732 973 2786 plane
1001 2731 1308 2784 incompertum
1338 2730 1404 2770 sit.
