1722 3178
1434 107 1519 160 coa

46 224 222 271 Antilais
251 224 350 266 414.

0 294 1 297 “
47 304 307 357 Antiphanes
337 303 473 343 iunior
502 303 600 344 340.
657 300 916 355 Antiphanes
946 299 1158 353 Bergaeus
1187 298 1287 341 ibid.
1316 299 1520 355 Antipha-

102 397 178 424 nes
208 383 391 435 tragicus
421 382 521 423 ibid.

45 463 296 516 Antiphanis
325 467 369 502 et
396 461 665 515 Antiphontis
694 459 861 501 nomina
889 459 1124 511 permutata
1153 455 1251 496 314.

43 542 227 595 Antipho
258 542 439 594 tragicus
468 541 550 582 314
566 554 656 595 sqq.
686 551 895 592 nunquam
925 537 1075 577 citatur
1103 534 1154 574 ab
1183 537 1362 590 antiquis
1383 551 1520 593 gram-

105 622 265 663 maticis
295 621 393 661 317.

45 701 304 746 Antisthenis
334 693 652 754 προτρεπτικός
683 701 726 738 et
755 688 1129 753 φυσιογνωμικός,
1148 694 1229 735 311
1261 707 1352 749 sqq.

46 774 351 833 ἀπελεύθερος
380 779 431 819 ab
461 778 661 819 Atticistis
689 778 966 831 improbatum
996 773 1095 816 158.

43 859 294 914 Aphrodisia
322 872 345 899 a
375 858 664 898 meretricibus
694 858 902 898 celebrata
931 856 1030 897 239.

40 933 306 993 α’φροὸίσιον
336 939 389 978 de
419 938 595 979 Veneris
625 942 763 978 statua
792 935 890 978 325.

44 1013 302 1072 οἷᾳροδίσιος
332 1017 459 1056 homo
490 1018 700 1057 amoribus
728 1017 919 1070 impense
948 1013 1116 1056 deditus
1145 1011 1244 1054 325.

44 1097 194 1151 Aphya
223 1110 374 1137 nomen
403 1097 684 1137 meretricium
714 1097 813 1137 207.

45 1172 411 1230 οἷποκοιταρὸἰζειν
441 1175 552 1228 apud
581 1176 767 1216 medicos
797 1175 897 1217 201.

47 1249 282 1300 Ἀπόλλων
314 1260 357 1295 et
376 1251 541 1303 ’Ἠλιυς
567 1256 612 1296 in
642 1255 855 1295 codicibus
885 1252 1059 1295 confusa
1086 1249 1189 1292 510.

46 1328 255 1389 οἷποφροὶς
283 1334 336 1374 de
364 1335 535 1375 homine
565 1332 873 1374 scelesto'158.

46 1409 220 1467 ἄπυρος
247 1407 371 1467 ἄρδις
401 1414 511 1466 apud
539 1413 794 1465 Aeschylum
822 1411 922 1452 518.

47 1484 270 1547 Ἀρκάδας
297 1496 538 1546 μιμεῖσθαι
567 1491 834 1545 proverbium
863 1490 918 1532 de
945 1490 997 1532 iis
1021 1489 1093 1544 qui
1120 1488 1213 1531 aliis
1241 1500 1325 1530 non
1354 1488 1434 1531 sibi
1458 1489 1523 1532 in·

105 1571 292 1612 serviunt
321 1571 403 1612 162
433 1584 496 1624 sq.

47 1644 320 1709 Ἀρχαια’ναξ
351 1653 394 1690 et
420 1643 664 1706 Ἀρχεοῖναξ
693 1650 793 1691 248.

51 1729 330 1775 Archilochus
363 1734 406 1769 et
434 1730 655 1783 Hipponax
683 1730 724 1770 in
754 1729 895 1770 fabula
924 1729 1082 1783 Diphili
1110 1730 1210 1772 447.
1240 1785 1242 1787 -

53 1810 316 1864 Areopagitis
346 1810 581 1850 comoedias
611 1810 739 1850 edere
767 1823 849 1851 non
880 1810 1039 1851 licitum
1069 1810 1141 1852 40.

50 1890 314 1932 Aristarchus
344 1893 513 1942 praetor
541 1889 859 1931 Atheniensium
890 1891 987 1932 118.

51 1970 226 2013 Aristias
254 1969 461 2014 Phliasius
493 1968 626 2008 nullas
655 1970 819 2023 scripsit
848 1969 1086 2011 comoedias
1114 1967 1215 2011 504.

51 2050 191 2092 Aristo
222 2048 351 2089 Chius
381 2048 625 2088 emendatur
655 2048 727 2089 lx.

53 2127 279 2168 Aristocles
307 2128 521 2181 proprium
552 2141 704 2168 nomen
734 2127 933 2168 Platonis·
951 2127 1050 2168 288.

55 2206 340 2260 Aristonymus
370 2219 467 2246 num
498 2207 776 2248 bibliothecae
803 2206 1113 2247 Alexandrinae
1145 2203 1384 2257 praefectus
1415 2207 1513 2251 198.

59 2285 352 2338 Aristophanes
390 2286 616 2339 explicatur
645 2289 742 2330 228.
803 2286 1048 2327 emendatur
1087 2285 1185 2326 294.
1244 2284 1523 2339 fragmentum

62 2398 65 2402 .
114 2365 318 2417 quoddam
348 2367 387 2407 ei
416 2367 671 2409 abiudicatur
701 2368 798 2411 321.
830 2368 921 2409 eius
950 2367 1221 2421 Lysistratam
1250 2365 1423 2408 fuerunt
1452 2368 1522 2420 qui

113 2444 392 2485 Adoniazusas
432 2445 705 2488 inscriberent
743 2448 841 2489 472,
900 2448 1011 2488 Aves
1040 2447 1117 2487 suh
1148 2446 1419 2500 Theogoniae
1448 2459 1525 2487 no-

116 2522 227 2562 mine
257 2524 405 2563 citatae
446 2525 496 2564 ab
530 2526 700 2567 irenaeo
730 2527 828 2568 320.
885 2540 984 2568 num
1013 2526 1334 2567 Andromachen
1363 2526 1525 2567 Metro-

113 2600 312 2653 phontem
343 2607 386 2642 et
415 2604 575 2644 Deliam
608 2606 821 2659 scripserit
850 2606 947 2648 325.
978 2607 1075 2648 328.
1106 2607 1205 2649 329.

60 2679 346 2734 Aristophanis
360 2684 545 2736 Byzantii
569 2685 720 2738 scripta
743 2686 794 2725 ad
819 2691 964 2739 poetas
989 2687 1169 2727 comicos
1198 2683 1426 2737 spectantia
1457 2683 1524 2726 12.
