1702 3190
1570 0 1702 101 Ἰ

196 216 198 218 .
222 182 309 224 2⁷2
615 190 669 219 1³8
697 191 852 220 munus
882 190 1114 220 COMOEBIAB
1143 191 1309 222 INDOLB·

226 292 354 332 multa
389 301 481 330 cum
518 289 706 330 libertate
742 294 863 343 atque
899 291 956 330 ita
986 294 1168 339 notaret,
1203 293 1250 330 ut
1276 290 1387 343 ipsos
1414 290 1530 337 illos,
1566 299 1667 340 qnos

227 371 419 409 vellicare
447 368 600 407 vellent
628 373 794 420 poetae,
831 369 873 408 in
904 381 1065 408 scenam
1094 368 1366 419 producerent
1395 372 1436 408 et
1464 368 1669 407 liberrima

225 446 452 499 petulantia
490 446 754 498 exagitarent.
821 448 951 498 Quam
983 445 1188 484 licentiam
1217 457 1340 496 quum
1376 445 1568 485 inclinata
1596 457 1670 496 po-
1697 454 1701 464 ‘¹

227 525 316 576 puli
343 524 533 564 libertate
561 524 668 563 tueri
697 524 869 575 amplius
899 522 1109 562 comoedia
1137 534 1219 561 non
1247 527 1408 574 posset,
1445 523 1562 562 aliam
1592 511 1700 560 cir-—j

229 601 481 653 cumspicere
512 600 651 639 debuit
679 601 847 641 ludendi
877 600 1063 648 formam,
1094 612 1198 650 quae
1227 599 1328 639 nihil
1362 600 1534 639 haberet
1562 597 1671 650 quod

228 679 270 718 in
299 678 528 730 potentium
557 678 792 727 hominum,
829 678 976 729 quibus
1012 682 1098 717 tum
1134 690 1290 717 summa
1328 678 1369 717 in
1407 677 1569 718 civitate
1598 689 1702 728 [ιο-Ι

222 759 358 796 ,testas
395 755 582 795 mandata
620 760 753 802 esset,
800 755 1162 807 reprehensionem
1187 756 1447 795 vincurreret.
1514 755 1674 795 Omissa

228 834 355 885 igitur
383 833 469 872 sive
498 833 634 884 potius
664 832 962 884 angustioribus
991 833 1139 873 finibus
1162 833 1464 884 circumscripta
1492 832 1674 883 singulo-

228 922 321 950 rum
350 911 559 949 hominum
588 910 800 958 irrisione,
839 913 986 961 poetae
1026 911 1170 949 comici
1206 910 1311 949 hanc
1348 910 1439 949 fere
1474 910 1702 949 rationem⁴

230 991 453 1029 tenuerunt
489 991 536 1025 ut
566 999 688 1038 quum
719 986 884 1034 eadem,
921 1000 1024 1037 quae
1053 989 1240 1039 antiquae
1271 989 1506 1027 comoediae
1535 991 1676 1025 aucto-

230 1078 299 1105 res
336 1066 632 1116 exagitassent,
668 1065 766 1103 vitia
802 1065 1121 1113 insectarentur,
1159 1067 1372 1117 generales
1409 1077 1566 1107 morum
1602 1064 1676 1103 de-

233 1143 474 1194 scriptiones
513 1141 755 1181 exhiberent
792 1146 833 1180 et
861 1143 967 1181 fictis
996 1143 1238 1193 plerumque
1279 1143 1469 1182 luderent
1503 1142 1676 1182 nomini·-

231 1222 322 1260 bus.
393 1220 495 1259 Eius
539 1219 601 1258 rei
645 1220 924 1270 gravissimum
967 1223 1114 1258 testem
1162 1221 1356 1259 habemus
1403 1220 1677 1272 Antiphanem

233 1312 363 1339 novae
391 1297 558 1336 rationis
586 1301 793 1336 auctorem
819 1298 1105 1348 praecipuum,
1139 1298 1251 1336 cuius
1290 1312 1338 1338 ex
1367 1299 1504 1338 fabula
1531 1294 1679 1346 Ποίη-

226 1389 302 1423 Ἰσις
329 1377 523 1428 inscripta
551 1375 788 1415 Athenaeus
817 1375 874 1416 Vl
905 1389 945 1426 p.
976 1375 1057 1413 223
1076 1387 1099 1412 a
1134 1387 1210 1426 per
1247 1381 1473 1415 memoratu
1512 1377 1678 1428 dignum

228 1455 411 1495 ‘servavit
438 1455 588 1500 locum,
617 1452 659 1491 in
690 1464 770 1503 quo
801 1452 992 1503 expositis
1021 1452 1267 1503 tragicorum
1287 1458 1501 1505 poetarum
1529 1467 1678 1508 oppor-

228 1532 476 1577 ¹tunitatibus
507 1530 561 1569 de
590 1530 754 1569 comicis
783 1530 884 1569 haec
911 1529 1058 1570 infert=

402 1603 507 1659 ἡμῖν
537 1604 585 1646 δὲ
611 1603 730 1646 ταῦτ’
763 1603 841 1647 οὐκ
869 1604 1000 1657 ἔστιν,
1031 1602 1143 1646 ἀλλὰ
1169 1600 1315 1646 πάντα
1343 1604 1413 1646 δεῖ

401 1680 549 1738 εὑρεῖν,
579 1679 777 1738 ὀνόματα
804 1682 946 1733 καινά,
975 1681 1030 1724 τὰ
1060 1683 1302 1739 διῳκημένα

403 1758 626 1818 πρότερον,
655 1760 711 1802 τὰ
739 1761 819 1803 νῦν
845 1758 1056 1817 παρόντα,
1085 1760 1167 1811 τὴν
1193 1756 1517 1816 καταστροφήν,

402 1837 484 1889 τὴν
512 1836 727 1892 εἰσβολήν.
786 1835 840 1879 ἂν
871 1839 916 1880 ἕν
943 1854 986 1880 τι
1013 1835 1178 1879 τούτων
1205 1837 1432 1894 παραλίπῃ

406 1919 582 1975 Χρέμης
611 1932 674 1966 τις
702 1913 732 1968 ἢ
764 1916 937 1960 Φείδων
964 1932 1029 1966 τις
1056 1915 1366 1971 ἐκσυρίττεται·

405 1997 553 2047 ΙΙηλεῖ
577 1996 622 2036 δὲ
651 1993 770 2036 ταῦτ’
803 1994 940 2047 ἔξεστι
968 1997 1043 2036 καὶ
1077 1992 1246 2051 Τεύκρῳ
1274 1995 1428 2035 ποιεῖν.

233 2078 438 2121 Similiter
460 2076 647 2127 antiquae
677 2078 719 2114 et
734 2077 821 2116 eius
837 2089 941 2128 quae
960 2077 1164 2126 antiquam
1180 2079 1351 2126 sequuta
1372 2078 1435 2113 ent
1450 2074 1702 2125 comoediae}

238 2156 459 2196 discrimen
490 2155 744 2196 adumbravit
771 2155 895 2195 Arist.
925 2156 1012 2194 Art.
1039 2157 1149 2204 poet.
1180 2152 1238 2192 IX
1267 2153 1315 2192 3:
1344 2147 1372 2200 ἡ
1403 2152 1482 2204 μὲν
1510 2140 1702 2224 ffroimngrz'¹

236 2231 407 2288 μᾶλλον
419 2229 474 2272 τὰ
488 2226 702 2279 καθόλου,
720 2244 746 2279 η
769 2229 806 2270 δ’
824 2227 995 2285 ἱστορία
1024 2227 1080 2269 τὰ
1103 2224 1217 2269 καθ’
1229 2228 1413 2270 ἕκαστον
1441 2227 1564 2280 λέγει.
1593 2225 1701 2283 ἔστιςξ

238 2310 288 2352 δὲ
324 2308 528 2352 καθόλου
562 2311 642 2363 μὲν
677 2306 737 2364 τῷ
770 2304 880 2348 ποίω
915 2305 972 2347 τὰ
1008 2304 1112 2348 ποῖ’
1143 2304 1255 2347 ἄττα
1292 2303 1524 2361 συμβαίνει
1551 2289 1700 2361 λε’)ειιζ

240 2385 270 2438 2'2
298 2385 503 2443 πράττειν
538 2384 651 2428 κατὰ
684 2383 735 2426 τὸ
765 2380 877 2433 εικὸς
910 2380 939 2435 ἢ
976 2383 1025 2426 τὸ
1063 2382 1322 2438 ἀναγκαῖον,
1359 2375 1412 2424 οὗ
1438 2367 1699 2437 στοχάζεταυ

241 2463 269 2516 ἡ
300 2464 473 2517 ποίησις
500 2462 701 2519 ὀνόματα
729 2463 1026 2517 ἐπιτιθεμένη.
1083 2461 1138 2503 τὰ
1176 2462 1221 2503 δὲ
1259 2458 1374 2503 καθ’
1408 2460 1608 2510 ἕκαστον,
1643 2457 1695 2501 τί

240 2540 530 2597 Ἀλκιβιάδης
563 2540 746 2596 ἔπραξεν
782 2536 812 2590 ἢ
847 2539 891 2581 τί
919 2538 1105 2582 ἔπαθεν.
1162 2540 1233 2581 ἐπὶ
1267 2541 1347 2593 μὲν
1383 2528 1462 2579 οὖν
1499 2538 1574 2588 τῆς
1602 2552 1687 2578 κω-

244 2620 411 2680 μῳδίας
437 2618 523 2671 ἤδη
555 2619 681 2660 τοῦτο
712 2618 845 2669 δῆλον
872 2619 1029 2673 γέγονε,
1068 2615 1362 2669 συστήσαντες
1388 2613 1470 2671 γὰρ
1497 2614 1575 2656 τὸν
1601 2612 1687 2668 μῦ-

245 2701 338 2744 θον
367 2699 442 2742 διὰ
469 2699 556 2741 τῶν
584 2693 773 2748 εἰκότων,
798 2691 910 2737 οὕτω
927 2694 981 2737 τὰ
999 2692 1184 2751 τυχόντα
1204 2692 1402 2750 ὀνόματα
1423 2692 1686 2743 ἐπιτιθέασι,
