<?xml version="1.0" encoding="UTF-8"?>
<!DOCTYPE html PUBLIC "-//W3C//DTD XHTML 1.0 Transitional//EN"
    "http://www.w3.org/TR/xhtml1/DTD/xhtml1-transitional.dtd">
<html xmlns="http://www.w3.org/1999/xhtml" xml:lang="en" lang="en">
 <head>
  <title>
</title>
<meta http-equiv="Content-Type" content="text/html;charset=utf-8" />
  <meta name='ocr-system' content='tesseract 3.04.00' />
  <meta name='ocr-capabilities' content='ocr_page ocr_carea ocr_par ocr_line ocrx_word'/>
</head>
<body>
  <div class='ocr_page' id='page_1' title='image "./fragmentacomicor01meinuoft_0067.png"; bbox 0 0 1702 3190; ppageno 0'>
   <div class='ocr_carea' id='block_1_1' title="bbox 658 131 1515 181">
    <p class='ocr_par' dir='ltr' id='par_1_1' title="bbox 658 131 1515 181">
     <span class='ocr_line' id='line_1_1' title="bbox 658 131 1515 181; baseline -0.004 -7"><span class='ocrx_word' id='word_1_1' title='bbox 658 143 875 177; x_wconf 70' lang='lat' dir='ltr'><strong>cui-mus.</strong></span> <span class='ocrx_word' id='word_1_2' title='bbox 1384 167 1388 172; x_wconf 83' lang='lat'><strong>.</strong></span> <span class='ocrx_word' id='word_1_3' title='bbox 1454 131 1515 181; x_wconf 72' lang='lat'><strong>45</strong></span> 
     </span>
    </p>
   </div>
   <div class='ocr_carea' id='block_1_2' title="bbox 0 243 1523 2514">
    <p class='ocr_par' dir='ltr' id='par_1_2' title="bbox 0 243 1523 2514">
     <span class='ocr_line' id='line_1_2' title="bbox 33 243 1514 299; baseline -0.005 -6"><span class='ocrx_word' id='word_1_4' title='bbox 33 252 139 294; x_wconf 82' lang='lat' dir='ltr'><strong>sium</strong></span> <span class='ocrx_word' id='word_1_5' title='bbox 168 249 274 291; x_wconf 76' lang='lat' dir='ltr'><strong>fines</strong></span> <span class='ocrx_word' id='word_1_6' title='bbox 302 246 562 298; x_wconf 75' lang='lat' dir='ltr'><strong>infestarent,</strong></span> <span class='ocrx_word' id='word_1_7' title='bbox 592 246 695 287; x_wconf 84' lang='lat' dir='ltr'><strong>nihii</strong></span> <span class='ocrx_word' id='word_1_8' title='bbox 722 244 902 296; x_wconf 75' lang='lat' dir='ltr'>relinqui</span> <span class='ocrx_word' id='word_1_9' title='bbox 932 243 1068 295; x_wconf 73' lang='lat' dir='ltr'><strong>video,</strong></span> <span class='ocrx_word' id='word_1_10' title='bbox 1096 244 1177 286; x_wconf 86' lang='lat' dir='ltr'><strong>nisi</strong></span> <span class='ocrx_word' id='word_1_11' title='bbox 1206 249 1252 287; x_wconf 90' lang='lat' dir='ltr'><strong>ut</strong></span> <span class='ocrx_word' id='word_1_12' title='bbox 1266 243 1514 299; x_wconf 83' lang='lat' dir='ltr'><strong>Aristopha-</strong></span> 
     </span>
     <span class='ocr_line' id='line_1_3' title="bbox 31 323 1514 381; baseline -0.004 -10"><span class='ocrx_word' id='word_1_13' title='bbox 31 344 150 380; x_wconf 85' lang='lat' dir='ltr'><strong>nem,</strong></span> <span class='ocrx_word' id='word_1_14' title='bbox 179 327 524 381; x_wconf 83' lang='lat' dir='ltr'><strong>quemadmodum</strong></span> <span class='ocrx_word' id='word_1_15' title='bbox 553 338 737 366; x_wconf 78' lang='lat' dir='ltr'><strong>caussam</strong></span> <span class='ocrx_word' id='word_1_16' title='bbox 766 324 910 363; x_wconf 86' lang='lat' dir='ltr'><strong>mortis</strong></span> <span class='ocrx_word' id='word_1_17' title='bbox 942 323 1099 362; x_wconf 82' lang='lat' dir='ltr'><strong>Cratini</strong></span> <span class='ocrx_word' id='word_1_18' title='bbox 1136 323 1389 365; x_wconf 77' lang='lat' dir='ltr'><strong>sanctissimo</strong></span> <span class='ocrx_word' id='word_1_19' title='bbox 1418 325 1514 365; x_wconf 83' lang='lat' dir='ltr'><strong>lusu</strong></span> 
     </span>
     <span class='ocr_line' id='line_1_4' title="bbox 33 402 1514 455; baseline -0.003 -6"><span class='ocrx_word' id='word_1_20' title='bbox 33 411 288 449; x_wconf 85' lang='lat' dir='ltr'><strong>commentus</strong></span> <span class='ocrx_word' id='word_1_21' title='bbox 319 411 394 455; x_wconf 87' lang='lat' dir='ltr'><strong>est,</strong></span> <span class='ocrx_word' id='word_1_22' title='bbox 426 408 482 447; x_wconf 88' lang='lat' dir='ltr'><strong>ita</strong></span> <span class='ocrx_word' id='word_1_23' title='bbox 511 407 634 446; x_wconf 82' lang='lat' dir='ltr'><strong>etiam</strong></span> <span class='ocrx_word' id='word_1_24' title='bbox 663 405 776 443; x_wconf 89' lang='lat' dir='ltr'><strong>illam</strong></span> <span class='ocrx_word' id='word_1_25' title='bbox 807 402 1231 443; x_wconf 80' lang='lat' dir='ltr'><strong>Lacedaemoniorum</strong></span> <span class='ocrx_word' id='word_1_26' title='bbox 1258 405 1302 444; x_wconf 86' lang='lat' dir='ltr'><strong>in</strong></span> <span class='ocrx_word' id='word_1_27' title='bbox 1332 405 1514 445; x_wconf 78' lang='lat' dir='ltr'><strong>Atticam</strong></span> 
     </span>
     <span class='ocr_line' id='line_1_5' title="bbox 31 481 1513 534; baseline -0.003 -6"><span class='ocrx_word' id='word_1_28' title='bbox 31 488 286 528; x_wconf 78' lang='lat' dir='ltr'><strong>invasionem</strong></span> <span class='ocrx_word' id='word_1_29' title='bbox 324 486 492 526; x_wconf 77' lang='lat' dir='ltr'><strong>finxisse</strong></span> <span class='ocrx_word' id='word_1_30' title='bbox 532 488 772 523; x_wconf 77' lang='lat' dir='ltr'><strong>statuamus.</strong></span> <span class='ocrx_word' id='word_1_31' title='bbox 838 482 924 522; x_wconf 85' lang='lat' dir='ltr'><strong>Sed</strong></span> <span class='ocrx_word' id='word_1_32' title='bbox 964 481 1099 520; x_wconf 83' lang='lat' dir='ltr'><strong>missis</strong></span> <span class='ocrx_word' id='word_1_33' title='bbox 1140 494 1247 534; x_wconf 87' lang='lat' dir='ltr'><strong>quae</strong></span> <span class='ocrx_word' id='word_1_34' title='bbox 1286 483 1329 522; x_wconf 88' lang='lat' dir='ltr'><strong>in</strong></span> <span class='ocrx_word' id='word_1_35' title='bbox 1370 484 1513 524; x_wconf 85' lang='lat' dir='ltr'><strong>conie-</strong></span> 
     </span>
     <span class='ocr_line' id='line_1_6' title="bbox 33 560 1515 618; baseline -0.003 -11"><span class='ocrx_word' id='word_1_36' title='bbox 33 570 149 607; x_wconf 87' lang='lat' dir='ltr'><strong>ctura</strong></span> <span class='ocrx_word' id='word_1_37' title='bbox 178 569 274 605; x_wconf 89' lang='lat' dir='ltr'><strong>sunt</strong></span> <span class='ocrx_word' id='word_1_38' title='bbox 302 565 458 618; x_wconf 89' lang='lat' dir='ltr'><strong>posita,</strong></span> <span class='ocrx_word' id='word_1_39' title='bbox 496 563 599 603; x_wconf 90' lang='lat' dir='ltr'><strong>illud</strong></span> <span class='ocrx_word' id='word_1_40' title='bbox 639 566 833 612; x_wconf 88' lang='lat' dir='ltr'><strong>tanquam</strong></span> <span class='ocrx_word' id='word_1_41' title='bbox 862 560 951 600; x_wconf 67' lang='lat' dir='ltr'><strong>veri</strong></span> <span class='ocrx_word' id='word_1_42' title='bbox 985 560 1238 601; x_wconf 87' lang='lat' dir='ltr'><strong>simillimum</strong></span> <span class='ocrx_word' id='word_1_43' title='bbox 1275 566 1515 612; x_wconf 83' lang='lat' dir='ltr'><strong>teneamus,</strong></span> 
     </span>
     <span class='ocr_line' id='line_1_7' title="bbox 31 639 1514 695; baseline -0.001 -10"><span class='ocrx_word' id='word_1_44' title='bbox 31 650 172 685; x_wconf 85' lang='lat' dir='ltr'><strong>natum</strong></span> <span class='ocrx_word' id='word_1_45' title='bbox 203 656 296 683; x_wconf 88' lang='lat' dir='ltr'><strong>esse</strong></span> <span class='ocrx_word' id='word_1_46' title='bbox 328 643 540 684; x_wconf 78' lang='lat' dir='ltr'><strong>Cratinum</strong></span> <span class='ocrx_word' id='word_1_47' title='bbox 572 641 737 693; x_wconf 80' lang='lat' dir='ltr'><strong>Olymp.</strong></span> <span class='ocrx_word' id='word_1_48' title='bbox 768 639 895 688; x_wconf 83' lang='lat' dir='ltr'>LXV,</span> <span class='ocrx_word' id='word_1_49' title='bbox 913 639 954 689; x_wconf 89' lang='lat' dir='ltr'><strong>l,</strong></span> <span class='ocrx_word' id='word_1_50' title='bbox 993 640 1145 680; x_wconf 86' lang='lat' dir='ltr'><strong>obiisse</strong></span> <span class='ocrx_word' id='word_1_51' title='bbox 1176 644 1315 680; x_wconf 88' lang='lat' dir='ltr'><strong>autem</strong></span> <span class='ocrx_word' id='word_1_52' title='bbox 1346 642 1514 695; x_wconf 77' lang='lat' dir='ltr'><strong>Olymp-</strong></span> 
     </span>
     <span class='ocr_line' id='line_1_8' title="bbox 30 719 1516 779; baseline -0.001 -16"><span class='ocrx_word' id='word_1_53' title='bbox 30 722 261 771; x_wconf 76' lang='lat' dir='ltr'><strong>LXXXIX,</strong></span> <span class='ocrx_word' id='word_1_54' title='bbox 292 722 334 761; x_wconf 79' lang='lat'><strong>2.</strong></span> <span class='ocrx_word' id='word_1_55' title='bbox 407 720 513 760; x_wconf 79' lang='lat' dir='ltr'><strong>Nam</strong></span> <span class='ocrx_word' id='word_1_56' title='bbox 553 733 634 771; x_wconf 92' lang='lat' dir='ltr'><strong>quo</strong></span> <span class='ocrx_word' id='word_1_57' title='bbox 670 720 764 758; x_wconf 88' lang='lat' dir='ltr'><strong>iure</strong></span> <span class='ocrx_word' id='word_1_58' title='bbox 801 719 1104 779; x_wconf 79' lang='lat' dir='ltr'><strong>SchneideruS‚</strong></span> <span class='ocrx_word' id='word_1_59' title='bbox 1144 721 1314 771; x_wconf 75' lang='lat' dir='ltr'><strong>Quaest.</strong></span> <span class='ocrx_word' id='word_1_60' title='bbox 1346 720 1400 761; x_wconf 89' lang='lat' dir='ltr'><strong>de</strong></span> <span class='ocrx_word' id='word_1_61' title='bbox 1428 721 1516 762; x_wconf 78' lang='lat' dir='ltr'><strong>Xe·</strong></span> 
     </span>
     <span class='ocr_line' id='line_1_9' title="bbox 30 798 1514 854; baseline -0.001 -11"><span class='ocrx_word' id='word_1_62' title='bbox 30 801 159 854; x_wconf 83' lang='lat' dir='ltr'><strong>noph.</strong></span> <span class='ocrx_word' id='word_1_63' title='bbox 190 802 319 841; x_wconf 85' lang='lat' dir='ltr'><strong>Conv.</strong></span> <span class='ocrx_word' id='word_1_64' title='bbox 349 812 392 852; x_wconf 85' lang='lat' dir='ltr'><strong>p.</strong></span> <span class='ocrx_word' id='word_1_65' title='bbox 422 798 518 847; x_wconf 81' lang='lat'><strong>132,</strong></span> <span class='ocrx_word' id='word_1_66' title='bbox 549 801 725 838; x_wconf 90' lang='lat' dir='ltr'><strong>mortem</strong></span> <span class='ocrx_word' id='word_1_67' title='bbox 756 798 846 838; x_wconf 89' lang='lat' dir='ltr'><strong>eius</strong></span> <span class='ocrx_word' id='word_1_68' title='bbox 876 798 928 838; x_wconf 91' lang='lat' dir='ltr'><strong>ad</strong></span> <span class='ocrx_word' id='word_1_69' title='bbox 959 798 1124 851; x_wconf 78' lang='lat' dir='ltr'><strong>Olymp.</strong></span> <span class='ocrx_word' id='word_1_70' title='bbox 1153 798 1304 850; x_wconf 86' lang='lat' dir='ltr'>XCI‚1</span> <span class='ocrx_word' id='word_1_71' title='bbox 1335 801 1514 842; x_wconf 83' lang='lat' dir='ltr'><strong>rettule-</strong></span> 
     </span>
     <span class='ocr_line' id='line_1_10' title="bbox 30 877 1521 932; baseline 0.004 -14"><span class='ocrx_word' id='word_1_72' title='bbox 30 880 100 932; x_wconf 79' lang='lat' dir='ltr'><strong>rit,</strong></span> <span class='ocrx_word' id='word_1_73' title='bbox 128 879 290 919; x_wconf 89' lang='lat' dir='ltr'><strong>nescire</strong></span> <span class='ocrx_word' id='word_1_74' title='bbox 319 892 386 919; x_wconf 90' lang='lat' dir='ltr'><strong>me</strong></span> <span class='ocrx_word' id='word_1_75' title='bbox 414 877 564 918; x_wconf 89' lang='lat' dir='ltr'><strong>fateor.</strong></span> <span class='ocrx_word' id='word_1_76' title='bbox 623 877 737 919; x_wconf 81' lang='lat' dir='ltr'><strong>Vidit</strong></span> <span class='ocrx_word' id='word_1_77' title='bbox 765 878 894 930; x_wconf 82' lang='lat' dir='ltr'><strong>igitur</strong></span> <span class='ocrx_word' id='word_1_78' title='bbox 922 882 1010 917; x_wconf 87' lang='lat' dir='ltr'><strong>tum</strong></span> <span class='ocrx_word' id='word_1_79' title='bbox 1034 878 1152 918; x_wconf 83' lang='lat' dir='ltr'><strong>initia</strong></span> <span class='ocrx_word' id='word_1_80' title='bbox 1170 881 1325 920; x_wconf 78' lang='lat' dir='ltr'><strong>veteris</strong></span> <span class='ocrx_word' id='word_1_81' title='bbox 1346 893 1521 925; x_wconf 55' lang='lat' dir='ltr'><strong>como&amp;</strong></span> 
     </span>
     <span class='ocr_line' id='line_1_11' title="bbox 33 937 1517 1013; baseline 0.002 -14"><span class='ocrx_word' id='word_1_82' title='bbox 33 937 149 1009; x_wconf 83' lang='lat' dir='ltr'><strong>diae,</strong></span> <span class='ocrx_word' id='word_1_83' title='bbox 184 962 274 998; x_wconf 90' lang='lat' dir='ltr'><strong>tum</strong></span> <span class='ocrx_word' id='word_1_84' title='bbox 307 970 554 1011; x_wconf 83' lang='lat' dir='ltr'><strong>progressus</strong></span> <span class='ocrx_word' id='word_1_85' title='bbox 590 970 873 1010; x_wconf 86' lang='lat' dir='ltr'><strong>summamque</strong></span> <span class='ocrx_word' id='word_1_86' title='bbox 912 957 1001 997; x_wconf 83' lang='lat' dir='ltr'><strong>eius</strong></span> <span class='ocrx_word' id='word_1_87' title='bbox 1030 957 1349 1010; x_wconf 82' lang='lat' dir='ltr'><strong>perfectionem.</strong></span> <span class='ocrx_word' id='word_1_88' title='bbox 1415 960 1517 1013; x_wconf 79' lang='lat' dir='ltr'><strong>lpse</strong></span> 
     </span>
     <span class='ocr_line' id='line_1_12' title="bbox 34 1035 1515 1092; baseline 0.003 -14"><span class='ocrx_word' id='word_1_89' title='bbox 34 1037 88 1078; x_wconf 79' lang='lat' dir='ltr'><strong>ad</strong></span> <span class='ocrx_word' id='word_1_90' title='bbox 114 1035 352 1078; x_wconf 85' lang='lat' dir='ltr'><strong>scribendas</strong></span> <span class='ocrx_word' id='word_1_91' title='bbox 386 1036 548 1076; x_wconf 85' lang='lat' dir='ltr'><strong>fabulas</strong></span> <span class='ocrx_word' id='word_1_92' title='bbox 586 1037 849 1088; x_wconf 76' lang='lat' dir='ltr'><strong>provectiore</strong></span> <span class='ocrx_word' id='word_1_93' title='bbox 886 1036 966 1076; x_wconf 88' lang='lat' dir='ltr'><strong>iam</strong></span> <span class='ocrx_word' id='word_1_94' title='bbox 1006 1041 1144 1077; x_wconf 87' lang='lat' dir='ltr'><strong>aetate</strong></span> <span class='ocrx_word' id='word_1_95' title='bbox 1173 1038 1354 1079; x_wconf 88' lang='lat' dir='ltr'><strong>animum</strong></span> <span class='ocrx_word' id='word_1_96' title='bbox 1381 1051 1515 1092; x_wconf 69' lang='lat' dir='ltr'><strong>appu-e</strong></span> 
     </span>
     <span class='ocr_line' id='line_1_13' title="bbox 33 1115 1521 1170; baseline 0.001 -13"><span class='ocrx_word' id='word_1_97' title='bbox 33 1117 133 1159; x_wconf 87' lang='lat' dir='ltr'><strong>lisse</strong></span> <span class='ocrx_word' id='word_1_98' title='bbox 169 1116 357 1165; x_wconf 84' lang='lat' dir='ltr'><strong>videtur,</strong></span> <span class='ocrx_word' id='word_1_99' title='bbox 401 1115 604 1166; x_wconf 81' lang='lat' dir='ltr'><strong>siquidem</strong></span> <span class='ocrx_word' id='word_1_100' title='bbox 641 1115 882 1167; x_wconf 80' lang='lat' dir='ltr'><strong>Anonymus</strong></span> <span class='ocrx_word' id='word_1_101' title='bbox 919 1115 972 1154; x_wconf 89' lang='lat' dir='ltr'><strong>de</strong></span> <span class='ocrx_word' id='word_1_102' title='bbox 1010 1116 1127 1156; x_wconf 90' lang='lat' dir='ltr'><strong>Com.</strong></span> <span class='ocrx_word' id='word_1_103' title='bbox 1166 1129 1208 1168; x_wconf 90' lang='lat' dir='ltr'><strong>p.</strong></span> <span class='ocrx_word' id='word_1_104' title='bbox 1237 1116 1380 1157; x_wconf 83' lang='lat' dir='ltr'>XXIX</span> <span class='ocrx_word' id='word_1_105' title='bbox 1416 1120 1521 1170; x_wconf 66' lang='lat' dir='ltr'><strong>post</strong></span> 
     </span>
     <span class='ocr_line' id='line_1_14' title="bbox 34 1193 1516 1248; baseline 0.001 -13"><span class='ocrx_word' id='word_1_106' title='bbox 34 1195 329 1247; x_wconf 72' lang='lat' dir='ltr'><strong>octogesimam</strong></span> <span class='ocrx_word' id='word_1_107' title='bbox 367 1194 550 1245; x_wconf 84' lang='lat' dir='ltr'><strong>quintam</strong></span> <span class='ocrx_word' id='word_1_108' title='bbox 591 1193 756 1232; x_wconf 91' lang='lat' dir='ltr'><strong>demum</strong></span> <span class='ocrx_word' id='word_1_109' title='bbox 788 1193 1075 1246; x_wconf 69' lang='lat' dir='ltr'><strong>Olympiadem</strong></span> <span class='ocrx_word' id='word_1_110' title='bbox 1112 1194 1156 1235; x_wconf 87' lang='lat' dir='ltr'><strong>h.</strong></span> <span class='ocrx_word' id='word_1_111' title='bbox 1189 1207 1226 1236; x_wconf 88' lang='lat' dir='ltr'><strong>e.</strong></span> <span class='ocrx_word' id='word_1_112' title='bbox 1257 1197 1516 1248; x_wconf 78' lang='lat' dir='ltr'><strong>octogesimo</strong></span> 
     </span>
     <span class='ocr_line' id='line_1_15' title="bbox 33 1271 1514 1325; baseline 0.001 -12"><span class='ocrx_word' id='word_1_113' title='bbox 33 1274 177 1316; x_wconf 77' lang='lat' dir='ltr'><strong>aetatis</strong></span> <span class='ocrx_word' id='word_1_114' title='bbox 217 1285 323 1312; x_wconf 89' lang='lat' dir='ltr'><strong>anno</strong></span> <span class='ocrx_word' id='word_1_115' title='bbox 362 1271 538 1324; x_wconf 89' lang='lat' dir='ltr'><strong>primam</strong></span> <span class='ocrx_word' id='word_1_116' title='bbox 577 1283 672 1310; x_wconf 89' lang='lat' dir='ltr'><strong>eum</strong></span> <span class='ocrx_word' id='word_1_117' title='bbox 703 1272 916 1311; x_wconf 74' lang='lat' dir='ltr'><strong>victoriam</strong></span> <span class='ocrx_word' id='word_1_118' title='bbox 946 1273 1143 1325; x_wconf 90' lang='lat' dir='ltr'><strong>adeptum</strong></span> <span class='ocrx_word' id='word_1_119' title='bbox 1184 1286 1279 1313; x_wconf 89' lang='lat' dir='ltr'><strong>esse</strong></span> <span class='ocrx_word' id='word_1_120' title='bbox 1314 1279 1514 1316; x_wconf 80' lang='lat' dir='ltr'><strong>testatur:</strong></span> 
     </span>
     <span class='ocr_line' id='line_1_16' title="bbox 33 1323 1516 1408; baseline 0.001 -14"><span class='ocrx_word' id='word_1_121' title='bbox 33 1323 135 1408; x_wconf 49' lang='grc' dir='ltr'><strong>’ὦικᾷ</strong></span> <span class='ocrx_word' id='word_1_122' title='bbox 163 1347 274 1405; x_wconf 75' lang='grc' dir='ltr'><strong>μετὰ</strong></span> <span class='ocrx_word' id='word_1_123' title='bbox 303 1348 384 1399; x_wconf 75' lang='grc' dir='ltr'><strong>τὴν</strong></span> <span class='ocrx_word' id='word_1_124' title='bbox 398 1345 470 1389; x_wconf 81' lang='grc' dir='ltr'><strong>πε’</strong></span> <span class='ocrx_word' id='word_1_125' title='bbox 497 1343 786 1402; x_wconf 75' lang='grc' dir='ltr'><em>Ὀλυμπιάδα,</em></span> <span class='ocrx_word' id='word_1_126' title='bbox 820 1363 925 1403; x_wconf 90' lang='lat' dir='ltr'><strong>quae</strong></span> <span class='ocrx_word' id='word_1_127' title='bbox 953 1357 1187 1404; x_wconf 82' lang='lat' dir='ltr'><strong>repugnant</strong></span> <span class='ocrx_word' id='word_1_128' title='bbox 1205 1353 1516 1405; x_wconf 84' lang='lat' dir='ltr'><strong>quodammodo</strong></span> 
     </span>
     <span class='ocr_line' id='line_1_17' title="bbox 33 1403 1515 1489; baseline 0.002 -17"><span class='ocrx_word' id='word_1_129' title='bbox 33 1403 215 1489; x_wconf 54' lang='lat' dir='ltr'><strong>nasebio</strong></span> <span class='ocrx_word' id='word_1_130' title='bbox 254 1431 407 1472; x_wconf 71' lang='lat' dir='ltr'><strong>ebron.</strong></span> <span class='ocrx_word' id='word_1_131' title='bbox 450 1443 492 1483; x_wconf 81' lang='lat' dir='ltr'><strong>p.</strong></span> <span class='ocrx_word' id='word_1_132' title='bbox 522 1429 622 1479; x_wconf 81' lang='lat'><strong>339,</strong></span> <span class='ocrx_word' id='word_1_133' title='bbox 662 1428 732 1480; x_wconf 84' lang='lat' dir='ltr'><strong>qui</strong></span> <span class='ocrx_word' id='word_1_134' title='bbox 771 1429 937 1482; x_wconf 77' lang='lat' dir='ltr'><strong>mymp.</strong></span> <span class='ocrx_word' id='word_1_135' title='bbox 977 1430 1166 1481; x_wconf 79' lang='lat' dir='ltr'><strong>Lxxxl,</strong></span> <span class='ocrx_word' id='word_1_136' title='bbox 1196 1433 1224 1471; x_wconf 83' lang='lat'>3</span> <span class='ocrx_word' id='word_1_137' title='bbox 1272 1434 1515 1489; x_wconf 71' lang='lat' dir='ltr'><strong>adscripsit:</strong></span> 
     </span>
     <span class='ocr_line' id='line_1_18' title="bbox 35 1508 1512 1566; baseline 0.003 -15"><span class='ocrx_word' id='word_1_138' title='bbox 35 1511 284 1566; x_wconf 51' lang='lat' dir='ltr'><strong>§tatinus</strong></span> <span class='ocrx_word' id='word_1_139' title='bbox 314 1514 363 1550; x_wconf 89' lang='lat' dir='ltr'><strong>et</strong></span> <span class='ocrx_word' id='word_1_140' title='bbox 392 1509 542 1549; x_wconf 90' lang='lat' dir='ltr'><strong>Plato</strong></span> <span class='ocrx_word' id='word_1_141' title='bbox 574 1508 764 1549; x_wconf 90' lang='lat' dir='ltr'><strong>comici</strong></span> <span class='ocrx_word' id='word_1_142' title='bbox 792 1509 889 1548; x_wconf 91' lang='lat' dir='ltr'><strong>hac</strong></span> <span class='ocrx_word' id='word_1_143' title='bbox 918 1512 1099 1549; x_wconf 87' lang='lat' dir='ltr'><strong>aetate</strong></span> <span class='ocrx_word' id='word_1_144' title='bbox 1139 1513 1512 1555; x_wconf 84' lang='lat' dir='ltr'><strong>occurrebant.</strong></span> 
     </span>
     <span class='ocr_line' id='line_1_19' title="bbox 36 1582 1519 1645; baseline 0.001 -15"><span class='ocrx_word' id='word_1_145' title='bbox 36 1589 215 1643; x_wconf 70' lang='lat' dir='ltr'><strong>Syncen.</strong></span> <span class='ocrx_word' id='word_1_146' title='bbox 243 1602 285 1642; x_wconf 92' lang='lat' dir='ltr'><strong>p.</strong></span> <span class='ocrx_word' id='word_1_147' title='bbox 311 1589 396 1629; x_wconf 67' lang='lat'><strong>247</strong></span> <span class='ocrx_word' id='word_1_148' title='bbox 423 1589 473 1629; x_wconf 92' lang='lat' dir='ltr'><strong>D.</strong></span> <span class='ocrx_word' id='word_1_149' title='bbox 502 1586 725 1643; x_wconf 74' lang='grc' dir='ltr'><em>Κρατῖνος</em></span> <span class='ocrx_word' id='word_1_150' title='bbox 751 1586 829 1626; x_wconf 82' lang='grc' dir='ltr'><strong>καὶ</strong></span> <span class='ocrx_word' id='word_1_151' title='bbox 856 1582 1055 1627; x_wconf 82' lang='grc' dir='ltr'><em>Πλάτων</em></span> <span class='ocrx_word' id='word_1_152' title='bbox 1082 1587 1127 1628; x_wconf 87' lang='grc' dir='ltr'><strong>οἱ</strong></span> <span class='ocrx_word' id='word_1_153' title='bbox 1153 1589 1338 1644; x_wconf 84' lang='grc' dir='ltr'><em>κωμικοὶ</em></span> <span class='ocrx_word' id='word_1_154' title='bbox 1364 1586 1519 1645; x_wconf 46' lang='grc' dir='ltr'><em>ἤκμαφ,</em></span> 
     </span>
     <span class='ocr_line' id='line_1_20' title="bbox 37 1653 1521 1723; baseline 0.003 -16"><span class='ocrx_word' id='word_1_155' title='bbox 37 1653 122 1718; x_wconf 72' lang='grc' dir='ltr'><strong>ζόν.</strong></span> <span class='ocrx_word' id='word_1_156' title='bbox 179 1668 260 1720; x_wconf 77' lang='lat' dir='ltr'><strong>Qui</strong></span> <span class='ocrx_word' id='word_1_157' title='bbox 284 1671 332 1708; x_wconf 88' lang='lat' dir='ltr'><strong>ut</strong></span> <span class='ocrx_word' id='word_1_158' title='bbox 360 1668 412 1708; x_wconf 88' lang='lat' dir='ltr'><strong>de</strong></span> <span class='ocrx_word' id='word_1_159' title='bbox 431 1667 606 1707; x_wconf 89' lang='lat' dir='ltr'><strong>Platone</strong></span> <span class='ocrx_word' id='word_1_160' title='bbox 636 1666 856 1708; x_wconf 86' lang='lat' dir='ltr'><strong>manifesto</strong></span> <span class='ocrx_word' id='word_1_161' title='bbox 888 1680 1031 1707; x_wconf 81' lang='lat' dir='ltr'><strong>errore</strong></span> <span class='ocrx_word' id='word_1_162' title='bbox 1060 1668 1202 1723; x_wconf 87' lang='lat' dir='ltr'><strong>lapsus</strong></span> <span class='ocrx_word' id='word_1_163' title='bbox 1231 1674 1309 1720; x_wconf 86' lang='lat' dir='ltr'><strong>est,</strong></span> <span class='ocrx_word' id='word_1_164' title='bbox 1337 1671 1396 1712; x_wconf 84' lang='lat' dir='ltr'><strong>ita</strong></span> <span class='ocrx_word' id='word_1_165' title='bbox 1424 1671 1521 1719; x_wconf 67' lang='lat' dir='ltr'><strong>for-‚</strong></span> 
     </span>
     <span class='ocr_line' id='line_1_21' title="bbox 37 1747 1518 1800; baseline 0.003 -12"><span class='ocrx_word' id='word_1_166' title='bbox 37 1750 148 1788; x_wconf 81' lang='lat' dir='ltr'><strong>tasse</strong></span> <span class='ocrx_word' id='word_1_167' title='bbox 177 1760 230 1787; x_wconf 85' lang='lat' dir='ltr'><strong>ne</strong></span> <span class='ocrx_word' id='word_1_168' title='bbox 259 1747 311 1787; x_wconf 89' lang='lat' dir='ltr'><strong>de</strong></span> <span class='ocrx_word' id='word_1_169' title='bbox 341 1747 507 1787; x_wconf 83' lang='lat' dir='ltr'><strong>Cratino</strong></span> <span class='ocrx_word' id='word_1_170' title='bbox 538 1748 706 1800; x_wconf 89' lang='lat' dir='ltr'><strong>quidem</strong></span> <span class='ocrx_word' id='word_1_171' title='bbox 735 1760 835 1787; x_wconf 83' lang='lat' dir='ltr'><strong>vera</strong></span> <span class='ocrx_word' id='word_1_172' title='bbox 863 1747 1131 1799; x_wconf 71' lang='lat' dir='ltr'><strong>praedicavit.</strong></span> <span class='ocrx_word' id='word_1_173' title='bbox 1201 1749 1286 1790; x_wconf 87' lang='lat' dir='ltr'><strong>Sed</strong></span> <span class='ocrx_word' id='word_1_174' title='bbox 1325 1764 1374 1791; x_wconf 89' lang='lat' dir='ltr'><strong>re</strong></span> <span class='ocrx_word' id='word_1_175' title='bbox 1417 1752 1518 1799; x_wconf 49' lang='lat' dir='ltr'><strong>dili-2</strong></span> 
     </span>
     <span class='ocr_line' id='line_1_22' title="bbox 38 1826 1521 1890; baseline 0.003 -23"><span class='ocrx_word' id='word_1_176' title='bbox 38 1827 201 1882; x_wconf 82' lang='lat' dir='ltr'><strong>gentius</strong></span> <span class='ocrx_word' id='word_1_177' title='bbox 227 1826 432 1880; x_wconf 88' lang='lat' dir='ltr'><strong>pensitata</strong></span> <span class='ocrx_word' id='word_1_178' title='bbox 460 1839 542 1868; x_wconf 90' lang='lat' dir='ltr'><strong>nou</strong></span> <span class='ocrx_word' id='word_1_179' title='bbox 573 1827 716 1869; x_wconf 89' lang='lat' dir='ltr'><strong>dubito</strong></span> <span class='ocrx_word' id='word_1_180' title='bbox 748 1827 845 1879; x_wconf 91' lang='lat' dir='ltr'><strong>quin</strong></span> <span class='ocrx_word' id='word_1_181' title='bbox 875 1826 984 1880; x_wconf 90' lang='lat' dir='ltr'><strong>apud</strong></span> <span class='ocrx_word' id='word_1_182' title='bbox 1007 1828 1272 1880; x_wconf 79' lang='lat' dir='ltr'><strong>Anonymum</strong></span> <span class='ocrx_word' id='word_1_183' title='bbox 1299 1831 1440 1883; x_wconf 86' lang='lat' dir='ltr'><strong>potius</strong></span> <span class='ocrx_word' id='word_1_184' title='bbox 1468 1832 1521 1890; x_wconf 22' lang='lat' dir='ltr'><strong>in·</strong></span> 
     </span>
     <span class='ocr_line' id='line_1_23' title="bbox 37 1902 1512 1963; baseline 0.002 -16"><span class='ocrx_word' id='word_1_185' title='bbox 37 1903 316 1962; x_wconf 72' lang='lat' dir='ltr'><strong>numeralibus</strong></span> <span class='ocrx_word' id='word_1_186' title='bbox 345 1910 526 1947; x_wconf 88' lang='lat' dir='ltr'><strong>erratum</strong></span> <span class='ocrx_word' id='word_1_187' title='bbox 555 1907 620 1947; x_wconf 89' lang='lat' dir='ltr'><strong>sit.</strong></span> <span class='ocrx_word' id='word_1_188' title='bbox 679 1907 762 1947; x_wconf 90' lang='lat' dir='ltr'><strong>Pro</strong></span> <span class='ocrx_word' id='word_1_189' title='bbox 791 1902 905 1960; x_wconf 72' lang='grc' dir='ltr'><em>μετὰ</em></span> <span class='ocrx_word' id='word_1_190' title='bbox 934 1907 1158 1960; x_wconf 79' lang='lat' dir='ltr'><strong>legendum</strong></span> <span class='ocrx_word' id='word_1_191' title='bbox 1188 1908 1354 1950; x_wconf 80' lang='lat' dir='ltr'><strong>videtur</strong></span> <span class='ocrx_word' id='word_1_192' title='bbox 1381 1906 1512 1963; x_wconf 78' lang='grc' dir='ltr'><em>κατὰ,</em></span> 
     </span>
     <span class='ocr_line' id='line_1_24' title="bbox 38 1966 1520 2042; baseline 0.005 -16"><span class='ocrx_word' id='word_1_193' title='bbox 38 1966 111 2042; x_wconf 49' lang='grc' dir='ltr'><strong>’ῥ’</strong></span> <span class='ocrx_word' id='word_1_194' title='bbox 141 1988 278 2026; x_wconf 85' lang='lat' dir='ltr'><strong>autem</strong></span> <span class='ocrx_word' id='word_1_195' title='bbox 305 1984 491 2040; x_wconf 63' lang='lat' dir='ltr'><strong>fortasse&gt;</strong></span> <span class='ocrx_word' id='word_1_196' title='bbox 509 1985 750 2026; x_wconf 87' lang='lat' dir='ltr'><strong>mutandum</strong></span> <span class='ocrx_word' id='word_1_197' title='bbox 779 1986 823 2026; x_wconf 91' lang='lat' dir='ltr'><strong>in</strong></span> <span class='ocrx_word' id='word_1_198' title='bbox 850 1980 952 2027; x_wconf 55' lang='grc' dir='ltr'><strong>πεί.</strong></span> <span class='ocrx_word' id='word_1_199' title='bbox 993 1987 1120 2027; x_wconf 81' lang='lat' dir='ltr'><strong>Certe</strong></span> <span class='ocrx_word' id='word_1_200' title='bbox 1137 1987 1219 2028; x_wconf 84' lang='lat' dir='ltr'><strong>iam</strong></span> <span class='ocrx_word' id='word_1_201' title='bbox 1237 1973 1399 2031; x_wconf 83' lang='lat' dir='ltr'><strong>fabulas</strong></span> <span class='ocrx_word' id='word_1_202' title='bbox 1414 2003 1520 2033; x_wconf 83' lang='lat' dir='ltr'><strong>eum.</strong></span> 
     </span>
     <span class='ocr_line' id='line_1_25' title="bbox 38 2064 1521 2124; baseline 0.005 -19"><span class='ocrx_word' id='word_1_203' title='bbox 38 2064 147 2112; x_wconf 78' lang='lat' dir='ltr'><strong>circa</strong></span> <span class='ocrx_word' id='word_1_204' title='bbox 172 2065 279 2106; x_wconf 86' lang='lat' dir='ltr'><strong>hanc</strong></span> <span class='ocrx_word' id='word_1_205' title='bbox 310 2065 596 2118; x_wconf 79' lang='lat' dir='ltr'><strong>Olympiadem</strong></span> <span class='ocrx_word' id='word_1_206' title='bbox 625 2065 828 2115; x_wconf 84' lang='lat' dir='ltr'><strong>docuisse,</strong></span> <span class='ocrx_word' id='word_1_207' title='bbox 859 2065 1028 2119; x_wconf 85' lang='lat' dir='ltr'><strong>colligas</strong></span> <span class='ocrx_word' id='word_1_208' title='bbox 1058 2080 1109 2108; x_wconf 87' lang='lat' dir='ltr'><strong>ex</strong></span> <span class='ocrx_word' id='word_1_209' title='bbox 1136 2066 1371 2122; x_wconf 83' lang='lat' dir='ltr'><strong>fragmento</strong></span> <span class='ocrx_word' id='word_1_210' title='bbox 1401 2070 1521 2124; x_wconf 73' lang='lat' dir='ltr'><strong>apud,</strong></span> 
     </span>
     <span class='ocr_line' id='line_1_26' title="bbox 39 2140 1513 2202; baseline 0.005 -19"><span class='ocrx_word' id='word_1_211' title='bbox 39 2140 306 2199; x_wconf 55' lang='lat' dir='ltr'><strong>Plutarchum</strong></span> <span class='ocrx_word' id='word_1_212' title='bbox 334 2144 510 2185; x_wconf 90' lang='lat' dir='ltr'><strong>Bellone</strong></span> <span class='ocrx_word' id='word_1_213' title='bbox 546 2157 598 2185; x_wconf 88' lang='lat' dir='ltr'><strong>an</strong></span> <span class='ocrx_word' id='word_1_214' title='bbox 626 2157 730 2197; x_wconf 87' lang='lat' dir='ltr'><strong>pace</strong></span> <span class='ocrx_word' id='word_1_215' title='bbox 759 2145 912 2186; x_wconf 89' lang='lat' dir='ltr'><strong>Athen.</strong></span> <span class='ocrx_word' id='word_1_216' title='bbox 942 2150 1096 2198; x_wconf 87' lang='lat' dir='ltr'><strong>praest.</strong></span> <span class='ocrx_word' id='word_1_217' title='bbox 1132 2159 1175 2200; x_wconf 91' lang='lat' dir='ltr'><strong>p.</strong></span> <span class='ocrx_word' id='word_1_218' title='bbox 1207 2147 1329 2189; x_wconf 79' lang='lat' dir='ltr'><strong>351a</strong></span> <span class='ocrx_word' id='word_1_219' title='bbox 1362 2149 1513 2202; x_wconf 80' lang='lat' dir='ltr'><strong>steph.</strong></span> 
     </span>
     <span class='ocr_line' id='line_1_27' title="bbox 41 2219 1523 2277; baseline 0.005 -16"><span class='ocrx_word' id='word_1_220' title='bbox 41 2219 114 2269; x_wconf 69' lang='lat' dir='ltr'><strong>alvi</strong></span> <span class='ocrx_word' id='word_1_221' title='bbox 141 2221 314 2264; x_wconf 86' lang='lat' dir='ltr'><strong>Periclis</strong></span> <span class='ocrx_word' id='word_1_222' title='bbox 342 2223 579 2264; x_wconf 84' lang='lat' dir='ltr'><strong>tarditatem</strong></span> <span class='ocrx_word' id='word_1_223' title='bbox 616 2224 659 2263; x_wconf 91' lang='lat' dir='ltr'><strong>in</strong></span> <span class='ocrx_word' id='word_1_224' title='bbox 699 2223 835 2277; x_wconf 84' lang='lat' dir='ltr'><strong>longis</strong></span> <span class='ocrx_word' id='word_1_225' title='bbox 871 2226 1088 2266; x_wconf 89' lang='lat' dir='ltr'><strong>moenibus</strong></span> <span class='ocrx_word' id='word_1_226' title='bbox 1118 2226 1346 2267; x_wconf 89' lang='lat' dir='ltr'><strong>condendis</strong></span> <span class='ocrx_word' id='word_1_227' title='bbox 1374 2228 1523 2276; x_wconf 74' lang='lat' dir='ltr'><strong>incre-,</strong></span> 
     </span>
     <span class='ocr_line' id='line_1_28' title="bbox 42 2301 1523 2354; baseline 0.005 -14"><span class='ocrx_word' id='word_1_228' title='bbox 42 2302 136 2352; x_wconf 80' lang='lat' dir='ltr'><strong>pat,</strong></span> <span class='ocrx_word' id='word_1_229' title='bbox 172 2312 278 2352; x_wconf 83' lang='lat' dir='ltr'><strong>quae</strong></span> <span class='ocrx_word' id='word_1_230' title='bbox 315 2301 479 2354; x_wconf 78' lang='lat' dir='ltr'><strong>olymp.</strong></span> <span class='ocrx_word' id='word_1_231' title='bbox 520 2302 731 2352; x_wconf 81' lang='lat' dir='ltr'>LXXXII,</span> <span class='ocrx_word' id='word_1_232' title='bbox 761 2303 786 2342; x_wconf 92' lang='lat'><strong>1</strong></span> <span class='ocrx_word' id='word_1_233' title='bbox 826 2304 1015 2344; x_wconf 84' lang='lat' dir='ltr'><strong>absoluta</strong></span> <span class='ocrx_word' id='word_1_234' title='bbox 1050 2316 1148 2344; x_wconf 88' lang='lat' dir='ltr'><strong>esse</strong></span> <span class='ocrx_word' id='word_1_235' title='bbox 1186 2305 1238 2345; x_wconf 91' lang='grc'><strong>0.</strong></span> <span class='ocrx_word' id='word_1_236' title='bbox 1275 2305 1523 2353; x_wconf 65' lang='lat' dir='ltr'><strong>Muellerus,</strong></span> 
     </span>
     <span class='ocr_line' id='line_1_29' title="bbox 0 2377 1523 2438; baseline 0.006 -21"><span class='ocrx_word' id='word_1_237' title='bbox 0 2422 1 2427; x_wconf 12' lang='grc' dir='ltr'><strong>Ἰ</strong></span> <span class='ocrx_word' id='word_1_238' title='bbox 43 2377 198 2418; x_wconf 87' lang='lat' dir='ltr'><strong>docuit.</strong></span> <span class='ocrx_word' id='word_1_239' title='bbox 271 2378 319 2422; x_wconf 85' lang='lat' dir='ltr'><strong>Iu</strong></span> <span class='ocrx_word' id='word_1_240' title='bbox 359 2379 529 2431; x_wconf 87' lang='lat' dir='ltr'><strong>reliquis</strong></span> <span class='ocrx_word' id='word_1_241' title='bbox 575 2380 819 2434; x_wconf 74' lang='lat' dir='ltr'><strong>fragmentis</strong></span> <span class='ocrx_word' id='word_1_242' title='bbox 855 2383 1100 2434; x_wconf 78' lang='lat' dir='ltr'><strong>paucissima</strong></span> <span class='ocrx_word' id='word_1_243' title='bbox 1135 2384 1311 2437; x_wconf 85' lang='lat' dir='ltr'><strong>reperio</strong></span> <span class='ocrx_word' id='word_1_244' title='bbox 1342 2385 1523 2438; x_wconf 27' lang='lat' dir='ltr'><strong>indicias-</strong></span> 
     </span>
     <span class='ocr_line' id='line_1_30' title="bbox 43 2458 1521 2514; baseline 0.006 -17"><span class='ocrx_word' id='word_1_245' title='bbox 43 2469 148 2511; x_wconf 77' lang='lat' dir='ltr'><strong>quae</strong></span> <span class='ocrx_word' id='word_1_246' title='bbox 184 2470 280 2498; x_wconf 88' lang='lat' dir='ltr'><strong>eum</strong></span> <span class='ocrx_word' id='word_1_247' title='bbox 316 2458 398 2498; x_wconf 86' lang='lat' dir='ltr'><strong>iam</strong></span> <span class='ocrx_word' id='word_1_248' title='bbox 432 2463 529 2499; x_wconf 87' lang='lat' dir='ltr'><strong>ante</strong></span> <span class='ocrx_word' id='word_1_249' title='bbox 570 2460 734 2514; x_wconf 83' lang='lat' dir='ltr'><strong>Olymp.</strong></span> <span class='ocrx_word' id='word_1_250' title='bbox 762 2461 955 2505; x_wconf 87' lang='lat' dir='ltr'>LXXXV</span> <span class='ocrx_word' id='word_1_251' title='bbox 999 2461 1161 2503; x_wconf 83' lang='lat' dir='ltr'><strong>fabulas</strong></span> <span class='ocrx_word' id='word_1_252' title='bbox 1208 2462 1399 2505; x_wconf 85' lang='lat' dir='ltr'><strong>docuisse</strong></span> <span class='ocrx_word' id='word_1_253' title='bbox 1443 2479 1521 2514; x_wconf 42' lang='lat' dir='ltr'><strong>ara,</strong></span> 
     </span>
    </p>
   </div>
   <div class='ocr_carea' id='block_1_3' title="bbox 0 2537 1510 2672">
    <p class='ocr_par' dir='ltr' id='par_1_3' title="bbox 0 2537 1510 2672">
     <span class='ocr_line' id='line_1_31' title="bbox 42 2537 1510 2599; baseline 0.008 -23"><span class='ocrx_word' id='word_1_254' title='bbox 42 2539 182 2591; x_wconf 70' lang='lat' dir='ltr'><strong>guant.</strong></span> <span class='ocrx_word' id='word_1_255' title='bbox 239 2537 333 2578; x_wconf 87' lang='lat' dir='ltr'><strong>Non</strong></span> <span class='ocrx_word' id='word_1_256' title='bbox 361 2538 633 2591; x_wconf 79' lang='lat' dir='ltr'><strong>negligendus</strong></span> <span class='ocrx_word' id='word_1_257' title='bbox 660 2544 800 2584; x_wconf 87' lang='lat' dir='ltr'><strong>tamen</strong></span> <span class='ocrx_word' id='word_1_258' title='bbox 826 2542 1104 2584; x_wconf 84' lang='lat' dir='ltr'><strong>memorabilis</strong></span> <span class='ocrx_word' id='word_1_259' title='bbox 1132 2542 1249 2585; x_wconf 84' lang='lat' dir='ltr'><strong>locus</strong></span> <span class='ocrx_word' id='word_1_260' title='bbox 1280 2545 1390 2599; x_wconf 86' lang='lat' dir='ltr'><strong>apud</strong></span> <span class='ocrx_word' id='word_1_261' title='bbox 1408 2545 1510 2588; x_wconf 87' lang='lat' dir='ltr'><strong>Plu-</strong></span> 
     </span>
     <span class='ocr_line' id='line_1_32' title="bbox 0 2615 664 2672; baseline 0 -12"><span class='ocrx_word' id='word_1_262' title='bbox 0 2658 1 2663; x_wconf 66' lang='lat'>,</span> <span class='ocrx_word' id='word_1_263' title='bbox 43 2615 174 2661; x_wconf 69' lang='lat' dir='ltr'><strong>taron.</strong></span> <span class='ocrx_word' id='word_1_264' title='bbox 203 2615 351 2659; x_wconf 84' lang='lat' dir='ltr'><strong>Pericl.</strong></span> <span class='ocrx_word' id='word_1_265' title='bbox 380 2630 423 2672; x_wconf 84' lang='lat' dir='ltr'><strong>p.</strong></span> <span class='ocrx_word' id='word_1_266' title='bbox 452 2617 536 2660; x_wconf 79' lang='lat'><strong>295</strong></span> <span class='ocrx_word' id='word_1_267' title='bbox 567 2620 664 2662; x_wconf 85' lang='lat' dir='ltr'><strong>Cor.</strong></span> 
     </span>
    </p>
   </div>
  </div>
 </body>
</html>
