1702 3190
415 160 699 195 meorumue.
757 161 812 192 nn
838 161 952 194 nova
978 161 1202 191 oomoema.
1457 147 1543 192 435

55 268 240 317 madent
282 265 378 308 fere
414 262 648 306 fabularum
690 262 852 304 Indices
904 256 1204 317 Προιτίδες
1249 261 1361 315 apud
1411 261 1544 303 Athe-

58 361 208 392 naeum
236 343 296 388 xl
333 358 374 399 p.
412 346 540 386 4720
577 348 620 384 et
655 335 1044 395 Νεοπτόλεμος
1084 343 1192 395 apud
1231 342 1408 382 eundem
1445 341 1544 382 XIII

58 441 102 483 p.
140 428 226 468 560
243 440 280 467 a.
339 426 437 468 XIV
471 439 514 478 p.
543 423 625 464 635
640 436 676 465 n.
750 421 922 465 Accedit
959 420 1272 461 Gallimedontis
1316 421 1453 460 irrisio
1499 421 1544 462 in

58 507 200 549 fabula
241 499 454 558 Ἰατρὸς
490 503 600 557 apud
641 501 902 543 Athenaeum
942 499 1040 541 VIII
1082 512 1124 552 p.
1156 499 1283 539 340d
1320 503 1362 540 et
1401 499 1544 541 Laidis

63 583 401 627 commemoratio
439 583 482 623 in
527 575 797 636 Φιλαύλῳ
833 578 934 620 XIII
972 592 1013 632 p.
1041 577 1125 618 587
1140 578 1171 628 f,
1205 591 1257 619 ex
1287 590 1367 630 qua
1397 578 1541 620 fabula

63 677 186 718 quem
212 663 322 703 idem
352 675 394 715 p.
421 661 506 701 563
521 673 557 703 a.
587 660 765 701 servavit
795 660 1003 712 eclogam,
1035 658 1124 698 eius
1153 658 1315 710 priores
1346 662 1543 710 quattuor

60 756 208 785 versus
238 739 462 793 Antiphani
492 740 637 779 tribuit
666 739 875 780 Stobaeus
905 737 1050 778 Floril.
1083 736 1219 777 LXIII
1258 735 1326 777 12.
1399 737 1545 790 Itaque

59 822 221 863 mediae
259 819 500 861 comoediae
538 819 674 871 poetis
714 819 952 858 adscribere
988 829 1073 857 non
1111 816 1311 856 dubitavi.
1370 816 1544 857 Praeter

61 904 400 943 commemoratas
452 898 614 938 fabulas
674 898 896 938 laudantur
941 895 1171 948 Theophili
1219 889 1545 949 Ἀπόδημοι

62 995 88 1039 a
128 981 269 1022 Schol.
313 978 498 1031 Dionysii
544 977 648 1018 Thr.
689 990 732 1030 p.
762 976 847 1017 724
891 977 961 1016 26.
1032 968 1276 1014 Βοιωτία
1319 975 1369 1014 ab
1413 975 1546 1016 Athe.

62 1073 168 1103 naeo
197 1059 257 1101 XI
286 1072 327 1112 p.
358 1058 442 1099 472
460 1056 500 1097 d.
562 1050 926 1110 Ἐπιδαύριος
956 1054 1044 1106 (sic
1073 1054 1182 1094 enim
1212 1053 1436 1107 legendum
1466 1068 1544 1108 pro

59 1135 348 1193 Ἐπίδαυρος)
376 1136 477 1178 ibid.
507 1135 545 1177 X
574 1149 615 1190 p.
646 1136 732 1176 417
747 1148 783 1175 a.
843 1134 1032 1186 Denique
1061 1129 1546 1187 Παγκρατιαστής

63 1221 124 1262 111
154 1233 197 1273 p.
226 1218 283 1259 95
301 1231 338 1259 a.
375 1215 415 1257 X
443 1229 486 1269 p.
514 1216 641 1256 4171»
680 1219 723 1255 et
760 1215 920 1255 Polluc.
960 1212 1019 1253 IX
1061 1212 1128 1252 15.
1202 1213 1364 1254 Vitiose
1395 1214 1544 1256 Snidas

62 1292 363 1352 Παγκράτεια.
434 1295 520 1336 Sed
557 1289 914 1349 Κιθαρῳδὸς
954 1305 1061 1345 quae
1102 1305 1150 1331 ex
1188 1291 1407 1333 Athenaeo
1445 1293 1547 1337 XIV

8 1392 11 1397 ’
62 1393 104 1436 p.
132 1376 253 1420 6231·
275 1378 446 1430 recepta
473 1377 564 1426 est,
603 1386 688 1415 non
717 1372 848 1414 fuisse
875 1372 1042 1414 videtur
1070 1371 1239 1413 fabulae
1263 1371 1423 1413 titulus.

571 1599 959 1618 --m

0 1866 3 1948 Ξ
65 1864 338 1939 Progredior
376 1883 460 1925 iam
500 1883 553 1924 ad
583 1883 749 1924 tertiam
778 1883 962 1924 comicae
989 1882 1155 1937 poesios
1185 1885 1387 1932 aetatem,
1428 1882 1545 1925 cuius

0 1959 3 2015 ᾧ
67 1964 186 2007 initia
215 1963 412 2018 proximis
451 1967 546 2017 post
572 1964 776 2017 praelium
812 1963 924 2017 apud
953 1963 1241 2019 Chaeroneam
1279 1962 1396 2004 annis
1425 1963 1545 2017 poni-

0 2021 4 2085 ἷ
66 2031 258 2095 mus.⁹⁹)
287 2043 390 2085 Eius
420 2043 565 2083 aetatis
596 2047 791 2096 quattuor
820 2047 861 2083 et
873 2022 1101 2095 ’sexaginta
1129 2046 1276 2096 poetas
1304 2046 1544 2083 numeratos

0 2126 5 2165 ε’
70 2109 165 2164 esse
194 2122 433 2172 Anonymus
465 2122 517 2161 de
548 2123 665 2161 Com.
694 2135 736 2174 p.
752 2120 872 2162 XXX
900 2121 1126 2161 memoriae
1154 2121 1351 2173 prodidit,
1380 2121 1434 2160 de
1452 2121 1544 2174 qui-

0 2177 5 2224 ἶ
70 2200 150 2240 bus
193 2198 435 2238 nominatim
473 2203 819 2240 commemoratos
858 2199 1023 2251 reperio
1054 2199 1339 2253 Anafippum,
1375 2199 1545 2252 Apollo-

76 2276 223 2317 dorum
247 2274 494 2328 Caryatium,
516 2277 819 2330 Apollodorum
850 2278 1042 2328 Gelam,
1070 2278 1364 2328 Archedicum,
1394 2279 1548 2319 Batho-

77 2348 195 2405 nem,
225 2355 457 2406 Critonem,
486 2356 789 2406 Damoxenum,
821 2357 1103 2407 Demetrium,
1135 2357 1372 2410 Diphilum,
1402 2359 1550 2413 Epini-

1 2465 4 2481 ,
79 2446 199 2487 cum,
217 2433 446 2484 Eudoxum,
468 2435 1076 2489 Euplironem,}Iegesippum,
1106 2436 1410 2490 Hipparchum,
1441 2437 1553 2491 Lyn-

1 2490 9 2575 l

1 2589 9 2622 Ι

142 2599 215 2649 ⁸⁹)
245 2599 383 2644 Minus
413 2606 602 2643 accurate
633 2603 874 2655 Anonymus
906 2603 959 2643 de
988 2604 1106 2647 Com.
1112 2619 1178 2673 p.
1208 2605 1368 2646 XXXII
1407 2599 1434 2652 ἡ
1473 2603 1555 2656 μὲν

196 2653 274 2693 νέα
299 2653 373 2694 ἐπὶ
407 2651 599 2710 Ἀλεξᾶν
591 2657 727 2712 δοου,
767 2656 794 2707 ἡ
826 2657 872 2698 δὲ
902 2658 1074 2701 παλαιὰ
1102 2659 1177 2702 ἐπὶ
1205 2660 1295 2700 τῶν
1322 2658 1554 2700 Πελοπον-

194 2711 418 2759 νησιακῶν
444 2712 528 2766 ειὶχε
555 2714 636 2765 τὴν
667 2711 827 2768 ἀκμήν.

1187 2794 1292 2832 28·
