1702 3190
660 139 865 174 turoam,
1406 125 1491 166 105

12 245 191 299 vulgaris
221 246 388 299 quidem
415 242 597 285 narratio
626 240 663 281 si
690 253 788 280 vera
818 242 942 287 esset,
974 251 1054 291 qua
1084 251 1180 279 eum
1210 240 1260 279 ab
1276 238 1492 280 Alcibiade

12 327 55 367 in
85 325 268 366 Siciliam
297 325 515 376 navigante
548 322 723 374 propter
750 321 902 371 Baptas
938 317 1143 367 fabulam,
1182 319 1234 358 de
1266 333 1346 371 qua
1382 319 1492 359 infra

16 406 172 453 dicam,
210 405 254 443 in
283 416 397 443 mare
428 403 636 442 deiectum
667 411 758 438 esse
787 397 928 437 ferunt
960 399 1054 450 ⁴⁹),
1095 399 1232 437 obitus
1271 400 1360 439 eius
1389 400 1492 440 inci-
1540 382 1549 394 ⁸

17 484 138 524 deret
175 483 218 522 in
249 482 430 535 primum
469 493 622 520 annum
653 478 817 530 olymp.
847 476 943 516 XCI
983 476 1120 516 media
1158 482 1327 521 aestate.
1396 481 1494 522 Vid.

16 561 208 615 Thucyd.
230 561 365 603 V129
396 565 438 600 et
466 560 636 601 Diodor.
667 556 749 596 Sic.
764 555 865 595 xm
894 555 935 595 3.
968 556 1087 595 «Sed
1117 557 1331 609 redarguit
1360 558 1493 608 hoc»,

14 645 62 682 ut
90 641 304 682 Ciceronis
340 641 466 679 verba
493 638 546 677 ad
575 637 701 677 Attic.
733 635 791 676 VI
821 635 845 674 1
885 647 978 674 mea
1007 633 1171 684 faciam,
1211 637 1493 677 «Eratosthe-

15 734 145 770 «nes3
183 719 306 759 affert
342 718 451 757 enim
487 729 587 769 quas
615 715 687 755 ille
715 717 812 767 post
840 713 922 753 hoc
952 719 1116 765 tempus
1146 714 1308 756 fabulas
1340 717 1494 758 docue-

15 799 152 840 (τίω)
213 797 343 848 quue
373 797 631 836 verissimum
662 807 755 834 esse
784 794 852 833 vel
883 806 907 833 e
937 793 1179 845 fragmentis
1210 796 1323 835 effici
1340 802 1494 849 potest,

14 877 218 929 siquidem
247 875 423 928 Eupolis
460 875 503 914 in
541 887 664 914 versu
705 887 729 913 a
760 874 991 914 Scholiasta
1022 874 1179 915 Victor.
1223 874 1274 914 ad
1307 875 1424 916 Iliad.
1458 870 1493 914 ν’

14 958 98 998 353
133 960 295 996 servato
344 954 630 996 Aristarchum
666 948 919 1007 στρατηγόν
956 953 1272 993 Atheniensium
1312 968 1496 996 comme-

15 1040 169 1085 morat,
226 1048 349 1086 quem
404 1034 672 1086 imperatorio
728 1046 903 1073 munere
947 1032 1138 1072 functum
1187 1047 1282 1073 esse
1329 1035 1495 1089 Olymp.

15 1115 133 1156 XCII
164 1115 188 1152 1
227 1113 336 1153 infra
365 1112 618 1151 docebimus.
688 1112 830 1164 Itaque
861 1112 989 1151 multo
1021 1113 1150 1163 magis
1179 1113 1232 1152 ad
1260 1117 1497 1166 temporum

20 1195 203 1233 rationes
233 1193 419 1244 apposita
449 1195 544 1231 sunt
582 1204 687 1243 quae
718 1191 880 1239 Suidas,
925 1191 1028 1231 alios
1057 1195 1249 1232 auctores
1281 1199 1496 1245 sequutus,

18 1272 70 1314 de
100 1271 214 1310 obitu
244 1269 463 1322 Eupolidis
499 1272 659 1308 narrat:
700 1262 906 1308 ἀπέθανε
942 1264 1056 1309 κατὰ
1088 1264 1422 1318 Ἑλλήσποντον
1451 1271 1499 1312 ἐν

18 1346 77 1406 τῷ
117 1346 226 1404 πρὸς
252 1343 637 1400 Λακεδαιμονίους
667 1345 862 1403 πολέμῳ,
901 1347 977 1387 καὶ
1013 1346 1059 1387 ἐκ
1095 1344 1256 1390 τούτου
1290 1348 1498 1403 ἐκωλύθη

21 1424 350 1484 στρατεύεσθαι
375 1424 577 1477 ποιητήν.
614 1428 684 1480 ⁵⁰)
744 1429 902 1480 Quibus
931 1429 1068 1469 verbis
1091 1430 1188 1481 quin
1220 1435 1291 1470 aut
1321 1432 1498 1473 celebris

20 1508 90 1551 {lh
117 1508 433 1549 Atheniensium
470 1507 644 1548 victoria
684 1508 736 1548 de
774 1507 1114 1548 Lacedaemoniis
1153 1511 1205 1549 ad
1243 1511 1500 1563 Cynossema

22 1587 215 1640 (olymp.
246 1587 363 1628 XCll
394 1588 449 1639 2)
471 1573 698 1641 ⁴reportata
737 1591 808 1627 aut
844 1587 1050 1640 proelium
1088 1588 1140 1629 ad
1169 1590 1499 1643 Aegospotamos

23 1667 281 1707 commissum
311 1666 659 1721 (Olymp.xc111
689 1667 748 1718 4)
778 1666 1051 1719 significetur,
1083 1667 1261 1708 dubitari
1291 1683 1373 1710 non
1405 1676 1500 1723 pot-

24 1748 101 1786 est.
162 1744 285 1786 Prius
321 1747 356 1786 si
385 1747 630 1798 accipimus,
670 1746 886 1786 commode
917 1747 1112 1799 explicari
1142 1752 1302 1800 potest,
1340 1751 1408 1802 qui
1438 1750 1501 1791 fa-

0 1826 133 1863 ctum
160 1824 214 1863 sit
251 1826 298 1863 ut
327 1825 502 1877 Eupolis
542 1827 593 1865 ab
623 1825 839 1865 Alcibiade
878 1825 920 1865 in
951 1839 1064 1865 mare
1096 1826 1283 1868 deiectus
1314 1843 1407 1870 esse
1438 1831 1501 1871 ‹li-

26 1905 201 1943 ceretur.
259 1902 365 1943 Nam
395 1904 431 1944 si
459 1905 635 1957 Eupolis
663 1905 707 1945 in
734 1906 824 1957 ipso
855 1905 931 1944 illo
960 1904 1011 1943 ad
1042 1905 1296 1957 Cynossema
1324 1911 1502 1962 proelio,

25 1980 68 2023 in
95 1994 178 2034 quo
209 1995 376 2036 magnas
405 1983 632 2025 Alcibiadis
663 1988 802 2036 partes
832 1983 964 2024 fuisse
996 1989 1176 2036 constat,
1206 1987 1388 2039 interiit,
1418 2003 1502 2031 non

23 2059 295 2115 Improbabile
324 2066 390 2102 est
418 2063 602 2103 extitisse
631 2063 702 2115 qui
730 2063 774 2103 id
804 2063 1017 2104 Alcibiade
1046 2066 1330 2119 machinante,
1376 2083 1501 2122 quem

83 2250 159 2301 ⁴⁹)
187 2251 350 2292 Eodem
378 2251 550 2292 fuerunt
580 2253 650 2304 qui
680 2253 897 2293 traherent
911 2255 1047 2294 Ovidii
1065 2258 1191 2297 rerba
1219 2259 1262 2298 in
1284 2258 1387 2300 Ibid.
1404 2259 1503 2305 593.

253 2309 447 2348 Comicus
475 2316 521 2348 ut
550 2310 717 2361 liquidis
747 2311 871 2362 periit
901 2311 998 2351 dum
1030 2314 1151 2354 nabat
1180 2316 1223 2355 in
1252 2317 1388 2366 undis,

253 2363 309 2403 Et
338 2368 409 2403 tua
438 2365 498 2404 sic
526 2367 684 2418 stygius
715 2369 945 2420 strangulet
975 2382 1046 2409 ora
1077 2371 1226 2424 liquor.

140 2417 257 2469 Quae
286 2421 440 2460 rectius
478 2421 530 2460 dc
559 2423 792 2463 Menandro
832 2426 982 2477 capias.
1049 2428 1099 2470 V.
1130 2429 1297 2482 Proleg.
1328 2431 1381 2471 ad
1409 2432 1504 2472 Me-

139 2475 283 2517 nandr.
313 2489 355 2529 p.
386 2477 517 2519 XXV.

90 2530 162 2580 ‘⁰)
194 2531 256 2571 De
284 2532 363 2572 hac
391 2533 500 2586 lege,
530 2534 670 2586 inepta
701 2548 814 2586 sane,
845 2538 880 2577 si
908 2539 965 2578 ita
994 2543 1040 2578 ut
1057 2540 1205 2582 Suidas
1235 2549 1374 2584 narrat
1405 2559 1503 2586 con-

141 2592 262 2640 cepta
290 2588 384 2638 fuit,
413 2590 484 2642 qui
513 2597 730 2642 praeterea
759 2595 975 2635 tradiderit
1007 2598 1092 2637 scio
1122 2601 1344 2641 neminem.
1391 2603 1504 2645 Cho-

141 2649 296 2744 τειιὲἓέ
309 2658 477 2687 vacasse
512 2647 656 2688 militia
694 2654 837 2692 notum
876 2656 951 2695 ast.
1019 2654 1070 2696 V.
1100 2654 1226 2699 Petiti
1255 2658 1385 2713 Legg.
1417 2661 1504 2701 Att.

140 2711 184 2754 ι».
299 2731 311 2743 .
