1702 3190
655 130 927 161 rnnecunns.
1483 118 1540 160 87

62 228 258 290 κεφαλήν
294 226 594 274 ἑνδεκάκλινον
629 233 739 274 ridet
775 232 819 273 in
853 231 1088 285 fragmento
1128 228 1240 284 apud
1269 229 1540 272 Plutarchum

61 315 91 356 Ι.
121 315 151 356 l.
180 327 270 367 cap.
297 314 340 354 3.

144 392 241 434 τοτὲ
271 387 379 432 δ’ἐκ
413 388 608 446 κεφαλῆς
636 385 939 431 ἑνδεκακλίνου
966 384 1171 442 θόρυβον
1206 385 1349 442 μέγαν
1381 385 1539 439 ἐξανα-

791 466 943 511 τέλλει.

61 549 143 603 Qui
169 549 300 601 Iocus,
330 550 675 604 quemadmodum
704 549 810 589 alter
836 549 925 599 ille,
953 548 1132 589 fortasse
1162 558 1212 585 ex
1237 545 1435 587 Hesiodis
1462 560 1537 601 pe-

59 631 160 671 titus
198 634 283 681 est,
321 631 365 671 iu
395 642 475 682 qua
502 629 644 670 fabula
672 628 846 669 Periclis
876 627 1059 681 Olympii
1088 630 1131 666 et
1160 625 1395 679 Chrysillae
1424 638 1537 665 amo-

58 721 127 748 res
155 708 340 761 attigisse
371 708 628 749 Teleclidem
658 707 782 748 docet
810 699 1051 750 Athenaeus
1079 705 1118 745 X
1148 718 1190 758 p.
1219 705 1262 745 4.
1291 704 1366 745 fif.
1426 704 1536 745 Con-

55 789 119 827 tra
147 787 296 827 eximie
319 786 487 827 favebat
500 787 658 838 Niciae,
689 783 819 842 φίλος
847 781 932 841 γὰρ
962 779 1074 839 ἁνήρ
1103 783 1351 839 σωφρονεῖν
1380 780 1428 823 δέ
1455 796 1535 837 μοι

55 861 178 904 δοκεῖ
198 865 309 918 apud
337 865 608 909 Plutarchum
637 868 730 908 Nic.
760 852 797 908 c.
825 867 869 909 4.

166 945 346 986 Fabulae
383 945 537 996 docuit,
583 946 619 986 si
657 947 876 999 Anonymo
923 945 977 985 de
1016 942 1243 985 Comoedia
1282 954 1324 996 p.
1354 942 1534 986 XXXIV

53 1022 182 1073 tides,
217 1035 391 1065 numero
427 1037 524 1075 sex,
559 1024 603 1066 in
649 1026 797 1079 quibus
834 1024 918 1065 fuit
947 1022 1126 1063 fortasse
1168 1022 1292 1062 etiam
1330 1035 1379 1062 ea
1411 1034 1535 1075 quam

54 1102 236 1155 spuriam
263 1101 469 1143 iudicasse
497 1107 663 1144 veteres
691 1104 858 1144 criticos
888 1103 1012 1144 docet
1041 1101 1307 1154 Phrynichus
1336 1102 1429 1143 Ecl.
1446 1103 1532 1145 Att.

52 1180 188 1232 p.291
204 1178 374 1234 βρέχειν
401 1174 503 1219 ἀντὶ
530 1179 611 1222 τοῦ
637 1173 732 1222 ὕειν
760 1177 808 1222 ἕν
838 1193 926 1221 τινι
954 1176 1164 1235 κωμῳδΐςι
1194 1174 1361 1235 ἀρχαίᾳ
1389 1193 1533 1236 προσ-

50 1255 263 1313 τιθεμένῃ
305 1255 568 1317 Τηλεκλεὶδῃ
605 1258 667 1317 τῷ
704 1258 912 1317 κωμῳδῷ.
979 1260 1110 1301 Tituli
1146 1259 1380 1300 fabularum
1418 1274 1531 1304 com-

50 1342 330 1379 memorantur
372 1338 555 1391 quinque
600 1334 942 1395 Ἀμφικτύονες,
997 1333 1254 1393 ’Λψευδεῖς,
1296 1333 1529 1391 “Ησίοδοι,

47 1410 304 1470 Πρυτάνεις,
332 1413 532 1473 Στερροί,
564 1431 615 1459 ex
642 1419 790 1472 quibus
819 1420 970 1461 Suidas
999 1432 1034 1460 s.
1063 1432 1102 1460 V.
1138 1413 1428 1468 Τηλεκλείδης
1458 1433 1528 1460 ex-

46 1495 221 1548 signavit
248 1499 334 1536 tres
363 1509 446 1538 nou
476 1498 556 1539 nisi
586 1511 637 1540 ex
665 1500 882 1542 Athenaeo
913 1499 992 1541 sibi
1021 1499 1221 1553 cognitas,
1250 1491 1529 1554 Ἀμφικτύο-

30 1586 126 1623 ’νας
150 1569 399 1629 Πρυτάνεις
428 1581 472 1618 et
500 1572 731 1633 Στερρούς.

156 1655 223 1698 Ex
249 1656 756 1710 Amphictyonibus,
786 1669 963 1711 quorum
992 1661 1087 1698 octo
1116 1655 1352 1710 fragmenta
1378 1670 1526 1711 super-

44 1737 153 1784 sunt,
183 1736 398 1788 egregium
426 1736 566 1778 locum
595 1737 650 1778 de
678 1738 800 1778 beata
816 1738 1050 1791 priscorum
1077 1737 1294 1778 hominum
1322 1738 1526 1778 felicitate

45 1814 222 1854 servavit
258 1797 502 1856 Athenaeus
531 1816 590 1858 vl
620 1830 662 1869 p.
693 1817 777 1856 268
792 1817 832 1866 b,
863 1829 1041 1869 quocum
1071 1817 1106 1857 si
1147 1829 1372 1869 componas
1410 1816 1524 1869 frag-

45 1895 226 1933 mentum
265 1894 414 1946 eodem
452 1895 575 1935 metri
613 1907 771 1948 genere
808 1896 1015 1937 inclusum
1052 1897 1164 1950 apud
1194 1896 1391 1937 Photium
1422 1897 1522 1937 Lex.

32 1985 87 2025 p.
113 1970 198 2013 5⁰4
225 1974 284 2012 26

94 2045 195 2091 ἀλλ’
220 2040 255 2091 ὦ
286 2046 466 2092 πάντων
485 2047 635 2093 ἀστῶν
656 2049 817 2108 λῷστοι
833 2051 978 2093 σεῖσαι
1000 2052 1077 2094 καὶ
1103 2050 1522 2108 προσκαλέσασθαι,

94 2125 336 2171 παύσασθε
368 2127 500 2170 δικῶν
527 2125 851 2187 ἀλληλοφάγων
880 2156 938 2166 --·

39 2214 154 2251 certe
190 2210 345 2262 aliquid
385 2211 439 2251 de
469 2215 712 2264 argumento
749 2210 917 2250 fabulae
954 2211 1155 2264 suspicari
1193 2211 1306 2252 licet.
1374 2211 1518 2263 Diopi-

38 2291 141 2329 theu
169 2294 377 2330 oratorem
407 2294 451 2331 et
479 2295 615 2330 vatem
644 2289 965 2329 famosissimum
995 2291 1038 2330 in
1069 2303 1117 2329 ea
1147 2294 1516 2330 commemoratum

39 2366 171 2407 fuisse
199 2367 322 2408 docet
349 2368 488 2409 Schol.
518 2368 806 2421 Aristophanis
835 2368 912 2408 Av.
942 2368 1040 2410 989.
1107 2370 1170 2409 De
1208 2373 1396 2421 tempore
1432 2381 1514 2420 quo

38 2450 130 2487 acta
158 2450 223 2487 est
249 2446 333 2487 hoc
368 2451 484 2488 certe
521 2450 733 2496 tenemus,
770 2459 861 2486 eam
900 2451 996 2488 ante
1029 2443 1173 2503 Θηρία
1204 2449 1404 2497 Cratetis,
1442 2437 1513 2500 ‹jui

39 2526 206 2579 Olymp.
233 2526 490 2569 LXXXVIII
521 2525 548 2565 4
577 2525 658 2566 iam
689 2524 862 2578 obierat,
891 2526 933 2568 in
959 2540 1124 2569 scenam
1153 2528 1372 2581 prodiisse.
1418 2527 1511 2571 Vid.

35 2605 275 2673 Athenaeus
302 2607 361 2650 VI
390 2620 431 2661 p.
460 2606 544 2647 268
558 2618 596 2647 e.
