1702 3190
1673 0 1702 175 ¹.

240 281 349 330 ptae‚
379 285 499 326 quem
528 272 582 312 de
609 273 766 314 aemula
781 273 943 322 Laidos,
973 274 1201 315 meretricis
1229 274 1536 324 celeberrimae,
1566 274 1686 315 intel-

239 354 311 405 ligi
343 353 493 392 debere
522 355 708 402 apertum
738 357 813 391 est.
872 352 1048 391 Fabulas
1065 352 1336 403 Cephisodoti
1366 353 1511 393 Suidas
1540 357 1584 392 et
1601 353 1688 392 Eu-

240 159 325 208 2'08
585 183 589 187 -
807 172 1128 204 csrnmononus.

241 430 359 470 docfa
396 433 715 469 commemorant
753 433 967 480 quattuor:
1000 422 1246 477 Ἀντιλαΐς,
1279 424 1532 482 Ἀμαζόνες,
1578 428 1689 483 Τρο-

240 502 414 561 (palmos,
439 497 531 553 ‘Yg.
563 506 801 546 Postremae
821 506 983 545 titulum
1006 506 1118 546 miris
1141 520 1264 559 saepe
1293 507 1423 547 modis
1439 512 1690 560 corruptum,

240 586 322 627 vid.
351 586 595 638 interpretes
624 585 675 625 ad
704 585 960 626 Athenaeum
991 583 1120 636 111‘p.
1151 583 1270 623 1191!
1299 587 1341 624 et
1369 584 1468 626 VIII
1498 597 1539 636 p.
1565 583 1687 624 3451:

240 665 316 706 XV
346 677 386 716 p.
415 664 496 704 7⁰1
515 663 555 712 b,
591 663 721 702 latere
751 662 871 701 etiam
900 661 1009 713 apud
1040 661 1325 702 Herodianum
1354 659 1449 714 περὶ
1477 672 1576 714 μον.
1605 658 1690 711 λέξ.

239 755 281 794 p.
310 742 364 780 39
403 740 605 780 intellexit
634 740 890 779 Dindorfius=
935 732 1257 793 Κηφισόδωρος
1294 736 1341 779 ἐν
1376 735 1555 795 ὑπείνῳ·
1594 737 1691 779 Καὶ

243 816 351 857 λέων
380 815 454 856 καὶ
482 815 687 870 μυγδαλῆ
714 815 788 856 καὶ
817 811 1033 870 σκορπίος,
1063 816 1132 856 ubi
1161 818 1372 858 verissime
1400 818 1567 870 corrigit
1596 815 1692 866 Κη-

241 891 488 950 φισόδωρος
527 894 574 934 ἐν
606 892 690 935 ‘Yi‘
718 884 793 937 ’.Ω
821 893 896 934 καὶ
925 891 1032 932 λέων
1059 890 1148 932 κτλ.
1214 895 1296 935 Pro
1324 891 1526 947 μυγὸαλῆ
1548 895 1692 947 legen-

242 975 340 1015 dum
368 971 555 1026 μυγαλῆ.
625 976 923 1027 Argumentum
953 972 1117 1011 fabulae
1154 971 1206 1011 ad
1242 984 1384 1013 suem
1423 973 1692 1014 Boeotiam

242 1058 450 1105 spectasse
487 1052 627 1091 nescio
665 1065 786 1103 quam
822 1054 938 1090 recte
988 1050 1219 1101 suspicatur
1262 1049 1602 1091 Hemsterhusius
1640 1052 1692 1092 ad

242 1131 401 1170 Polluc.
431 1129 468 1168 X
500 1128 594 1168 11⁰.
660 1127 1023 1180 Trophonium
1062 1126 1192 1167 habes
1219 1130 1305 1168 tum
1335 1128 1444 1177 alibi,
1472 1132 1558 1170 tum
1586 1129 1694 1182 apud

247 1207 462 1249 Pollucem
492 1205 570 1247 VII
599 1207 654 1246 87
1679 1198 1693 1204 '¹

791 1276 1015 1322 σανδάλια
1044 1279 1090 1321 δὲ
1118 1279 1205 1321 τῶν
1234 1279 1530 1335 λεπτοσχεδῶν

409 1357 483 1416 ἐφ’
516 1352 582 1408 οἷς
609 1356 665 1399 τὰ
689 1358 830 1414 χρυσᾶ
857 1355 985 1399 ταῦτ’
1019 1356 1191 1400 ἔπεστιν
1220 1355 1417 1413 ἄνθεμα·

410 1436 488 1478 νῦν
518 1437 557 1477 δ’
593 1433 777 1492 ὡσπερεὶ
806 1432 1054 1492 θεράπαιν’
1086 1433 1166 1489 ἔχω
1196 1434 1492 1492 περιβαρίδας.

244 1520 308 1560 Ex
338 1530 418 1570 quo
458 1516 726 1568 corrigendus
757 1517 950 1556 Clemens
978 1517 1094 1557 Alex.
1123 1515 1250 1557 Paed.
1283 1516 1343 1556 XI
1378 1530 1419 1569 p.
1448 1517 1530 1557 205
1558 1518 1592 1558 B
1629 1519 1696 1559 ed.

245 1599 336 1639 Col.
366 1589 527 1649 αἰσχροὶ
556 1591 661 1645 γοῦν
689 1588 872 1642 ἀληθῶς
900 1589 955 1631 τὰ
977 1588 1195 1633 σανδάλια
1224 1591 1375 1642 ἐκεῖνα,
1405 1589 1480 1647 ἐφ’
1511 1587 1576 1642 οἷς
1604 1593 1698 1636 ἐστὶ

245 1673 301 1714 τὰ
325 1670 466 1728 χρυσᾶ
495 1668 779 1723 ἀναθέματα.
823 1672 1059 1723 Legendum
1088 1666 1282 1725 ἄνθεμα.
1340 1673 1534 1724 Spectant
1563 1672 1702 1714 autenm

246 1765 390 1793 versus
427 1752 489 1791 illi
525 1751 577 1790 ad
613 1749 788 1790 eundem
824 1750 1028 1789 hominem
1066 1751 1180 1791 cuius
1227 1750 1419 1790 mollities
1455 1751 1702 1791 describiturae

246 1833 289 1872 in
329 1831 559 1882 fragmento
597 1829 705 1880 apud
740 1828 995 1868 Athenaeum
1034 1828 1111 1870 XV
1148 1841 1188 1881 p.
1227 1830 1308 1868 689
1326 1828 1357 1869 f.
1431 1829 1575 1879 Neque
1619 1829 1702 1870 alio!

246 1910 458 1963 pertinere
487 1908 675 1947 videntur
703 1906 828 1946 verba
857 1904 1065 1960 σμηκτρὶς
1093 1903 1147 1958 γῆ
1177 1919 1280 1958 quae
1310 1919 1360 1945 ex
1389 1906 1533 1946 eadem
1561 1894 1702 1948 fabuls'

250 1989 372 2027 affert
403 1986 548 2026 Pollux
578 1985 655 2025 VII
685 1985 754 2024 40.
823 1984 1008 2035 Denique
1037 1984 1187 2024 cottabi
1215 1984 1356 2023 ludum
1386 1985 1428 2024 in
1459 1983 1701 2043 Trophonio}

251 2066 387 2106 locum
416 2063 608 2102 habuisse
639 2062 759 2101 docet
788 2061 1025 2101 Athenaeus
1041 2061 1118 2103 XV
1146 2075 1187 2114 p.
1218 2063 1299 2102 667
1320 2063 1359 2103 d.
1416 2064 1702 2117 Amazones*

250 2143 388 2184 laudat
426 2141 663 2181 Athenaeus
702 2138 799 2180 XIV
843 2152 883 2190 p.
921 2140 1002 2177 629
1020 2138 1059 2188 d,
1116 2139 1262 2180 Suidas
1306 2145 1348 2180 et
1385 2140 1556 2180 Photius
1593 2153 1625 2180 ι.
1664 2138 1702 2180 w}

251 2216 353 2267 ὄνος
380 2211 513 2258 ὕεται.
575 2217 896 2265 Antilaidos,
938 2230 1018 2268 quo
1047 2217 1165 2257 titulo
1196 2219 1316 2258 etiam
1346 2220 1558 2270 Epicrates
1587 2218 1686 2258 fabu

253 2300 334 2339 lam
365 2298 525 2344 docuit,
563 2299 731 2347 praeter
759 2307 907 2334 nomen
940 2295 1042 2334 nihil
1070 2295 1274 2347 reliquum
1312 2300 1387 2336 est.
1454 2297 1662 2335 Incertaru

253 2376 484 2416 fabularum
514 2375 744 2427 fragmenta
772 2375 932 2412 servata
961 2376 1055 2411 sunt
1085 2373 1181 2422 duo,
1212 2374 1384 2414 alterum
1413 2375 1462 2413 ab
1492 2374 1678 2414 Athenae

254 2454 312 2495 XI
340 2467 380 2505 p.
410 2452 491 2492 459
507 2466 544 2501 a,
582 2453 755 2491 alterum
794 2465 818 2490 a
846 2450 1017 2490 Polluce
1046 2451 1103 2492 VI
1136 2451 1230 2491 173.
1298 2452 1343 2491 In
1380 2452 1574 2491 orationis
1609 2464 1686 2492 con

1693 2511 1694 2515 „
1679 2364 1696 2445 Ἅβ-

255 2530 502 2571 formatione
531 2531 832 2580 verborumque
870 2541 947 2568 usu
983 2529 1174 2568 nanuulla
1211 2530 1431 2582 singularia
1457 2529 1600 2569 habuit
1628 2530 1660 2569 C

257 2608 515 2662 phisodorus.
584 2609 647 2647 Ex
675 2606 935 2659 hoc'gcnere
963 2611 1027 2647 est
1055 2603 1278 2661 λυχναψιά
1314 2608 1423 2660 apud
1451 2596 1693 2665 Athenaeun¹

257 2687 333 2728 XV
378 2699 417 2738 p.
457 2685 538 2726 701
569 2698 606 2733 a,
650 2679 958 2724 λαικάσασθαι
1010 2686 1356 2738 disperdendi
1399 2687 1464 2726 vel
1506 2667 1693 2739 prostij
