1702 3190
229 163 312 202 228
837 173 1045 203 sraa'r'rxs.

233 270 445 316 Cinesiae,
475 269 682 310 immundo
709 270 863 311 homini
893 276 934 311 et
958 262 1127 323 spuro03
1163 272 1236 312 sed
1266 273 1398 313 obstat
1426 278 1536 314 aetas
1564 276 1668 325 Ana-

235 348 350 395 xilae,
380 346 447 398 qui
479 348 634 386 mediae
663 347 741 388 fuit
771 353 890 401 poeta
920 350 1155 389 comoediae
1184 363 1259 390 nec
1289 355 1382 391 ante
1412 352 1670 392 centesimam

237 423 517 475 Olympiadem
534 423 690 464 fabulas
713 427 873 465 videtur
903 426 1103 475 docuisse,
1134 427 1267 467 obstat
1280 428 1376 468 item
1397 429 1564 468 metrica
1593 428 1671 468 Ioci

236 501 351 549 ratio,
385 513 488 552 quae
516 502 723 555 tale'quid
753 504 963 554 requirere
993 505 1166 553 videtur,

567 575 707 617 ὃιινὸν
734 580 813 632 μὲν
842 576 922 633 γὰρ
953 577 1100 633 ἔχονθ’
1134 577 1208 629 ὑός

566 650 732 709 ῥύγχος,
760 645 793 695 ὦ
826 654 936 710 φίλε,
965 657 1161 707 κνησίἇν.

234 734 423 781 Mortuus
452 732 575 784 igitur
603 733 729 773 fuerit
759 735 940 775 Cinesias
972 736 1133 788 olymp.
1149 735 1336 779 XCVIII.
1395 737 1539 787 Neque
1570 735 1676 777 enim

234 811 396 861 longam
431 809 587 849 homiui
626 811 748 850 vitam
786 812 979 864 obtigisse
1017 814 1225 865 probabile
1264 817 1348 862 est,
1385 826 1505 864 quem
1536 811 1677 862 Lysias

235 891 403 939 propter
438 890 679 938 perpetuos,
725 889 869 939 quibus
915 890 1240 939 conflictabatur,
1290 891 1452 930 inorbos
1499 889 1678 940 qnotidie

236 966 338 1021 mori
368 965 474 1004 dicat
503 966 611 1018 apud
639 965 894 1022 Athenaeum
924 967 1023 1006 XIII
1052 980 1092 1018 p.
1123 967 1219 1007 551.
1275 969 1382 1007 Ante
1405 968 1512 1006 Aves
1543 968 1678 1003 autem

238 1044 305 1093 qui
337 1043 538 1082 Cinesiam
566 1043 646 1082 iam
684 1044 724 1081 in
755 1043 941 1082 Nubibus
971 1057 1027 1082 vs.
1061 1045 1141 1083 332
1173 1045 1440 1095 significatum
1472 1054 1562 1094 esse
1591 1053 1679 1080 cre-

239 1119 412 1167 diderit,
459 1123 623 1171 praeter
665 1120 936 1160 Scholiastam
970 1122 1132 1172 reperio
1172 1122 1390 1177 neminem.
1470 1119 1595 1158 Ridet
1630 1123 1678 1156 eo

237 1197 328 1235 loco
368 1197 662 1248 Aristophanes
700 1201 843 1248 poetas
885 1197 1198 1250 dithyrambicos
1240 1192 1422 1238 κυκλίων
1463 1207 1507 1233 τε
1542 1190 1681 1247 χορῶν

238 1268 613 1327 ᾳσματοκάμπτας
642 1269 806 1326 ἄνδρας
832 1274 1222 1329 μετεωροφένακας,
1253 1275 1321 1315 ubi
1349 1276 1450 1314 haec
1478 1272 1681 1313 annotavit

239 1352 490 1391 Scholiasta:
528 1345 765 1390 αἰνίττεται
798 1345 857 1399 εἷς
886 1349 987 1399 τοὺς
1016 1353 1113 1407 περὶ
1146 1348 1364 1401 Κινησίαν
1391 1349 1465 1389 καὶ
1499 1345 1682 1398 Φιλόξε-

237 1440 327 1470 νον.
376 1430 455 1480 Qui
484 1432 531 1468 ut
559 1429 610 1467 de
627 1429 850 1468 Philoxeno
880 1430 1116 1470 manifestus
1148 1432 1297 1470 erroris
1327 1433 1389 1469 est
1418 1428 1530 1478 (vide
1559 1440 1682 1479 supra

239 1520 278 1559 p.
310 1508 417 1556 89),
452 1506 509 1544 ita
537 1505 710 1544 fortasse
741 1519 793 1545 ne
831 1507 883 1546 de
914 1508 1073 1546 Cinesia
1104 1508 1267 1559 quidem
1303 1519 1399 1546 vera
1426 1505 1682 1556 praedicasse

240 1584 466 1623 censendus
504 1588 578 1622 est.
646 1584 831 1623 Certiora
868 1568 1085 1637 tem-poris,
1124 1598 1203 1636 quo
1234 1588 1322 1624 acta
1353 1587 1415 1623 est
1444 1581 1582 1621 fabula
1612 1594 1682 1620 no-

240 1666 336 1709 stra,
366 1660 514 1699 indicia
543 1660 717 1700 fortasse
752 1661 793 1700 in
825 1662 903 1701 alio
935 1663 1215 1715 Aristophanis
1252 1654 1407 1701 scholio
1437 1659 1579 1710 aliquis
1609 1658 1684 1705 sibi

241 1738 581 1789 deprenhendere
609 1739 795 1778 videatur
823 1739 875 1778 ad
903 1740 1048 1780 Avium
1078 1754 1136 1779 vs.
1169 1740 1290 1788 1568,
1326 1738 1396 1778 ubi
1426 1736 1477 1775 de
1508 1736 1684 1788 Laespo-

241 1815 305 1853 dia
335 1814 439 1853 haec
467 1813 679 1866 leguntur,
717 1805 798 1867 εἶχε
837 1813 882 1855 δὲ
918 1816 993 1855 καὶ
1028 1816 1123 1869 περὶ
1162 1812 1237 1867 τὰς
1274 1810 1438 1866 κνήμας
1468 1810 1587 1863 τινὰς
1615 1806 1684 1851 αι’-

241 1889 359 1939 τίας,
394 1884 450 1939 ὥς
486 1904 596 1944 φησι
632 1888 846 1947 Στράττις
883 1892 928 1933 ἐν
967 1889 1174 1947 Κινησίᾳ.
1253 1892 1520 1943 Laespodiam
1563 1903 1692 1943 quem:

240 1972 319 2010 iam
348 1971 520 2022 Eupolis
548 1971 590 2009 in
619 1971 757 2010 Demis
786 1972 1098 2023 perstrinxerat,
1137 1970 1270 2009 adhuc
1300 1950 1692 2020 quadringentorum⁴

241 2049 414 2100 imperio
445 2048 696 2099 superfuisse
727 2049 848 2088 docet
878 2048 1141 2100 Thucydides
1171 2047 1272 2088 vlu
1300 2047 1367 2084 86.
1432 2044 1515 2083 Sed
1552 2026 1691 2095 potuit.

241 2127 351 2165 hunc
375 2129 564 2175 tanquam
595 2129 798 2165 mortuum
829 2138 1146 2165 commemorare
1175 2123 1359 2170 Strattis,
1397 2125 1442 2160 ut
1479 2122 1580 2160 nihil
1609 2122 1689 2160 im*

240 2203 378 2255 pediat
408 2203 622 2253 quominus
650 2203 829 2243 fabulam
857 2209 952 2256 post
990 2203 1167 2243 solutum
1197 2200 1582 2252 quadringentorum
1613 2197 1687 2249 dog-

243 2282 438 2319 minatum
469 2280 620 2318 editam
651 2293 741 2319 esse
772 2285 1007 2320 statuamus.
1052 2279 1128 2319 Cui
1158 2277 1338 2330 opinioni
1366 2277 1503 2315 nesci0
1534 2289 1583 2316 an
1613 2276 1684 2328 alif

243 2359 339 2410 quid
369 2357 561 2410 praesidii
598 2358 639 2397 in
670 2359 827 2397 duobus
857 2358 944 2397 aliis
985 2356 1223 2408 fragmentis
1252 2359 1436 2406 paratum
1466 2354 1545 2402 sit,
1585 2365 1684 2405 quo-‘-

241 2447 331 2474 rum
360 2435 402 2473 in
432 2434 561 2473 altero
592 2435 700 2485 apud
730 2436 940 2474 Pollucem
969 2435 1008 2475 X
1033 2435 1114 2474 189
1145 2433 1357 2484 Sannyrio‚
1386 2432 1428 2470 iu
1457 2432 1586 2470 altero
1616 2442 1684 2481 au?

243 2514 324 2550 tem
354 2511 461 2562 apud
490 2510 758 2550 Scholiastam
790 2512 997 2563 Aristoph.
1027 2510 1136 2550 Plut.
1161 2509 1244 2547 550
1285 2508 1564 2559 Thrasybulus
1592 2518 1684 2559 perf

243 2588 470 2638 stringitur.
550 2587 613 2626 De
652 2588 917 2640 Sannyrionis
966 2590 1099 2626 aetate
1140 2585 1246 2624 infra
1282 2586 1460 2634 dicetur3
1506 2566 1682 2635 Thrasy}

241 2666 326 2704 buli
354 2669 489 2704 autem
514 2677 637 2715 quum
668 2665 787 2706 etiam
823 2664 1116 2717 Aristophanes
1144 2663 1371 2703 meminerit
1399 2662 1441 2704 in
1470 2662 1581 2704 Eccl.
1604 2661 1684 2701 202
