1702 3190
217 191 317 237 vm
790 186 1130 229 PRAEFATIO.

217 304 388 367 quutus
433 313 548 348 esse
591 296 780 358 videor,
831 301 884 345 ut
927 297 1200 349 nostratium
1243 295 1401 347 studia
1430 295 1502 349 >ad
1539 296 1663 347 hanc

215 381 635 432 fructuosissimam
678 379 766 430 sed
807 380 911 430 fere
946 379 1214 443 neglectam
1255 384 1304 429 et
1336 384 1665 429 senescentem

217 480 422 530 graecae
478 463 764 528 antiquitatis
826 467 1004 528 partem
1063 462 1370 511 converterim
1391 496 1405 525 ,
1470 477 1665 526 meoque

218 547 434 612 exemplo
451 546 659 596 'excitati
693 547 956 611 complures
998 545 1047 593 in
1075 544 1239 594 eodem
1273 549 1543 607 argumento
1576 542 1680 602 sibi

218 629 546 680 elaborandum
570 643 683 677 esse
715 628 1038 691 decreverint,
1070 630 1202 677 vario
1234 626 1302 675 illi
1337 625 1516 690 quidem
1550 641 1667 675 suc-

218 728 390 774 cessu,
433 728 583 776 neque
627 728 788 762 omnes
831 712 897 762 ita
946 716 996 760 ut
1039 726 1211 777 operae
1253 709 1446 776 pretium
1489 708 1668 758 fecisse

217 794 515 844 existimandi
547 794 655 843 sint.
697 795 768 843 At
799 811 967 859 magna
998 810 1101 844 cum
1133 792 1271 842 laude
1304 806 1667 842 commemoram-

219 876 309 926 dus
351 877 460 925 mihi
505 881 580 926 est
631 876 914 927 Theodorus
966 877 1232 941 Bergkius,
1287 875 1422 924 cuius
1481 873 1666 923 doctis-

219 959 365 1011 simae
399 959 807 1009 commentationes
850 959 910 1008 de
944 960 1151 1024 reliquiis
1196 957 1464 1008 comoediae
1498 956 1668 1006 atticae

218 1042 468 1105 antiquae,
513 1058 781 1104 quamquam
823 1041 945 1089 haud
994 1057 1146 1106 pauca
1185 1041 1358 1090 habent
1401 1039 1448 1087 in
1501 1038 1668 1102 quibus

219 1123 327 1171 mihi
357 1123 726 1171 dissentiendum
755 1139 869 1171 esse
897 1123 1036 1171 video
1071 1139 1100 1171 a
1133 1122 1235 1171 viro
1270 1120 1528 1181 carissimo,
1561 1119 1669 1185 plu-

219 1205 367 1253 rimas
402 1209 555 1253 tamen
589 1205 947 1254 observationes
982 1204 1220 1267 continent
1252 1203 1312 1252 ad
1345 1201 1670 1268 explicandam

219 1287 434 1351 antiquae
481 1287 751 1337 comoediae
784 1288 1009 1336 rationem
1047 1286 1337 1335 utilissimas.
1405 1284 1509 1343 Quo
1549 1283 1670 1334 libro

219 1370 263 1420 si
304 1370 371 1419 uti
411 1369 519 1417 mihi
551 1370 769 1419 licuisset
808 1369 856 1418 in
889 1369 949 1419 iis
983 1369 1273 1436 praesertim,
1310 1381 1429 1431 quae
1473 1365 1534 1415 de
1579 1382 1669 1414 an-

219 1452 375 1516 tiquae
419 1452 688 1502 comoediae
719 1453 874 1519 poetis
917 1456 1251 1502 commentatus
1294 1467 1417 1512 sum,
1459 1447 1669 1513 pluribus

221 1529 283 1578 de
320 1530 460 1579 rebus
495 1535 545 1579 et
578 1530 816 1596 copiosius
847 1534 896 1580 et
917 1546 1032 1580 vero
1066 1530 1206 1580 etiam
1227 1528 1459 1593 aliquanto
1492 1531 1669 1586 rectius

221 1611 463 1662 disserere
496 1613 726 1663 licuisset.
772 1613 916 1663 Nunc
949 1614 1030 1663 ille
1064 1629 1121 1663 eo
1155 1611 1334 1661 demum
1369 1618 1575 1679 tempore
1606 1613 1670 1663 ad

219 1707 293 1742 me
311 1695 520 1758 perlatus
541 1701 632 1758 est,
666 1712 755 1760 quo
773 1695 1263 1761 primam-scriptorum
1284 1699 1460 1760 partem
1481 1695 1669 1747 librario

219 1777 349 1841 typis
381 1777 726 1842 imprimendam
759 1779 849 1828 iam
877 1777 1172 1828 tradideram.
1217 1778 1484 1829 Versantur
1515 1785 1669 1830 autem

219 1859 421 1923 Bergkii
447 1862 855 1911 commentationes
875 1859 1072 1908 maxime
1095 1859 1142 1907 in
1164 1861 1458 1926 explicandis
1482 1847 1667 1913 Cratini

221 1942 497 2007 comoediis,
522 1959 641 2009 quae
674 1959 751 1993 res
787 1960 926 2008 quum
956 1947 1065 1992 ante
1093 1942 1181 1992 hos
1203 1943 1321 1992 duos
1343 1945 1487 1995 ferme
1504 1962 1668 2009 annoS‚

221 2042 312 2090 quo
346 2032 554 2092 tempore
588 2043 680 2091 ego
706 2025 1006 2090 quaestiones
1036 2041 1165 2075 meas
1199 2031 1455 2077 retractare
1490 2044 1668 2095 coepe·-

221 2124 342 2169 ram,
385 2109 443 2158 ab
488 2108 594 2174 ipso
635 2109 742 2157 mihi
775 2126 860 2174 per
892 2109 1076 2158 litteras
1119 2108 1385 2172 significata
1417 2117 1576 2173 esset,
1619 2111 1668 2162 in

221 2207 325 2240 mea
355 2191 416 2241 de
447 2192 528 2241 illo
562 2196 702 2258 poeta
736 2191 1076 2257 disputatione,
1116 2193 1296 2255 qualem
1329 2193 1375 2241 in
1413 2194 1667 2252 Quaestio-

222 2289 330 2322 num
364 2290 497 2324 scen.
531 2290 664 2340 spec.
697 2274 722 2322 1
755 2275 972 2338 exhibui,
1015 2281 1202 2341 praeter
1244 2275 1486 2327 minutiora
1518 2293 1666 2343 quae-

223 2355 331 2404 dam
363 2358 476 2404 nihil
511 2363 688 2406 mutare
720 2357 871 2407 satius
905 2357 1033 2412 duxi.

354 2437 577 2488 Ceterum
628 2439 749 2504 quod
804 2440 1049 2505 'plerisque
1101 2441 1399 2491 scribentium
1450 2440 1669 2492 accidere

222 2521 364 2583 solet,
399 2528 464 2583 ut,
496 2538 635 2587 quum
669 2521 730 2570 ad
762 2528 1018 2573 extremam
1051 2540 1229 2572 manum
1259 2529 1531 2589 perventum
1560 2525 1669 2574 fue-

221 2603 306 2666 rit,
349 2620 510 2654 eorum
546 2622 666 2669 quae
710 2606 1005 2672 scripserunt
1047 2605 1147 2655 fere
1191 2622 1276 2656 eos
1319 2605 1581 2674 poeniteat,
1619 2606 1668 2657 id

221 2687 327 2735 mihi
363 2687 488 2738 adeo>
520 2704 669 2752 usque
704 2688 942 2738 accidisse
976 2688 1143 2750 fateor,
1178 2694 1243 2750 ut,
1278 2690 1321 2739 si
1353 2691 1454 2740 fieri
1486 2693 1692 2759 posset„
