<?xml version="1.0" encoding="UTF-8"?>
<!DOCTYPE html PUBLIC "-//W3C//DTD XHTML 1.0 Transitional//EN"
    "http://www.w3.org/TR/xhtml1/DTD/xhtml1-transitional.dtd">
<html xmlns="http://www.w3.org/1999/xhtml" xml:lang="en" lang="en">
 <head>
  <title>
</title>
<meta http-equiv="Content-Type" content="text/html;charset=utf-8" />
  <meta name='ocr-system' content='tesseract 3.04.00' />
  <meta name='ocr-capabilities' content='ocr_page ocr_carea ocr_par ocr_line ocrx_word'/>
</head>
<body>
  <div class='ocr_page' id='page_1' title='image "./fragmentacomicor01meinuoft_0493.png"; bbox 0 0 1702 3190; ppageno 0'>
   <div class='ocr_carea' id='block_1_1' title="bbox 0 0 26 2066">
    <p class='ocr_par' dir='ltr' id='par_1_1' title="bbox 0 0 26 2066">
     <span class='ocr_line' id='line_1_1' title="bbox 0 0 26 2066; baseline 0 0"><span class='ocrx_word' id='word_1_1' title='bbox 0 0 26 2066; x_wconf 95' lang='lat' dir='ltr'><strong> </strong></span> 
     </span>
    </p>
   </div>
   <div class='ocr_carea' id='block_1_2' title="bbox 615 133 1508 174">
    <p class='ocr_par' dir='ltr' id='par_1_2' title="bbox 615 133 1508 174">
     <span class='ocr_line' id='line_1_2' title="bbox 615 133 1508 174; baseline 0.002 -2"><span class='ocrx_word' id='word_1_2' title='bbox 615 142 894 174; x_wconf 62' lang='lat' dir='ltr'><strong>tumrultus.</strong></span> <span class='ocrx_word' id='word_1_3' title='bbox 1423 133 1508 174; x_wconf 75' lang='lat'><strong>471</strong></span> 
     </span>
    </p>
   </div>
   <div class='ocr_carea' id='block_1_3' title="bbox 37 243 1519 1251">
    <p class='ocr_par' dir='ltr' id='par_1_3' title="bbox 37 243 1519 1251">
     <span class='ocr_line' id='line_1_3' title="bbox 39 243 1509 300; baseline -0.003 -6"><span class='ocrx_word' id='word_1_4' title='bbox 39 261 165 294; x_wconf 77' lang='lat' dir='ltr'><strong>mum.</strong></span> <span class='ocrx_word' id='word_1_5' title='bbox 219 246 331 289; x_wconf 82' lang='lat' dir='ltr'><strong>Hinc</strong></span> <span class='ocrx_word' id='word_1_6' title='bbox 358 246 459 287; x_wconf 86' lang='lat' dir='ltr'><strong>satis</strong></span> <span class='ocrx_word' id='word_1_7' title='bbox 489 248 605 286; x_wconf 87' lang='lat' dir='ltr'><strong>certo</strong></span> <span class='ocrx_word' id='word_1_8' title='bbox 637 245 847 298; x_wconf 79' lang='lat' dir='ltr'>colligitur</span> <span class='ocrx_word' id='word_1_9' title='bbox 874 244 1068 286; x_wconf 80' lang='lat' dir='ltr'><strong>floruisse</strong></span> <span class='ocrx_word' id='word_1_10' title='bbox 1086 243 1368 300; x_wconf 75' lang='lat' dir='ltr'><strong>Philippidem</strong></span> <span class='ocrx_word' id='word_1_11' title='bbox 1396 247 1509 289; x_wconf 81' lang='lat' dir='ltr'><strong>inter</strong></span> 
     </span>
     <span class='ocr_line' id='line_1_4' title="bbox 41 323 1511 383; baseline 0 -14"><span class='ocrx_word' id='word_1_12' title='bbox 41 327 323 383; x_wconf 70' lang='lat' dir='ltr'><strong>Olympiadem</strong></span> <span class='ocrx_word' id='word_1_13' title='bbox 362 325 536 368; x_wconf 82' lang='lat' dir='ltr'>CXVIII</span> <span class='ocrx_word' id='word_1_14' title='bbox 581 329 624 365; x_wconf 88' lang='lat' dir='ltr'><strong>et</strong></span> <span class='ocrx_word' id='word_1_15' title='bbox 667 323 841 366; x_wconf 84' lang='lat' dir='ltr'>CXXII.</span> <span class='ocrx_word' id='word_1_16' title='bbox 915 325 1036 376; x_wconf 79' lang='lat' dir='ltr'><strong>Quod</strong></span> <span class='ocrx_word' id='word_1_17' title='bbox 1079 326 1247 378; x_wconf 87' lang='lat' dir='ltr'><strong>quidem</strong></span> <span class='ocrx_word' id='word_1_18' title='bbox 1290 328 1416 368; x_wconf 79' lang='lat' dir='ltr'><strong>etiam</strong></span> <span class='ocrx_word' id='word_1_19' title='bbox 1459 340 1511 369; x_wconf 87' lang='lat' dir='ltr'><strong>eo</strong></span> 
     </span>
     <span class='ocr_line' id='line_1_5' title="bbox 39 403 1511 459; baseline -0.001 -11"><span class='ocrx_word' id='word_1_20' title='bbox 39 408 305 459; x_wconf 66' lang='lat' dir='ltr'><strong>qpnfirmatur</strong></span> <span class='ocrx_word' id='word_1_21' title='bbox 334 405 444 458; x_wconf 87' lang='lat' dir='ltr'><strong>quod</strong></span> <span class='ocrx_word' id='word_1_22' title='bbox 473 404 708 457; x_wconf 80' lang='lat' dir='ltr'><strong>Lysimachi</strong></span> <span class='ocrx_word' id='word_1_23' title='bbox 737 403 849 456; x_wconf 84' lang='lat' dir='ltr'><strong>regis</strong></span> <span class='ocrx_word' id='word_1_24' title='bbox 877 403 1009 456; x_wconf 82' lang='lat' dir='ltr'><strong>gratia</strong></span> <span class='ocrx_word' id='word_1_25' title='bbox 1038 404 1194 446; x_wconf 88' lang='lat' dir='ltr'><strong>floruit.</strong></span> <span class='ocrx_word' id='word_1_26' title='bbox 1254 406 1511 447; x_wconf 79' lang='lat' dir='ltr'>Plutarchus</span> 
     </span>
     <span class='ocr_line' id='line_1_6' title="bbox 39 471 1514 540; baseline -0.003 -12"><span class='ocrx_word' id='word_1_27' title='bbox 39 487 223 535; x_wconf 72' lang='lat' dir='ltr'><strong>Demetr.</strong></span> <span class='ocrx_word' id='word_1_28' title='bbox 277 499 320 538; x_wconf 87' lang='lat' dir='ltr'><strong>p.</strong></span> <span class='ocrx_word' id='word_1_29' title='bbox 358 485 506 525; x_wconf 73' lang='lat' dir='ltr'><strong>894c:</strong></span> <span class='ocrx_word' id='word_1_30' title='bbox 542 471 598 532; x_wconf 75' lang='grc' dir='ltr'><strong>ἦν</strong></span> <span class='ocrx_word' id='word_1_31' title='bbox 635 476 724 522; x_wconf 77' lang='grc' dir='ltr'><strong>δ’ὁ</strong></span> <span class='ocrx_word' id='word_1_32' title='bbox 767 478 1043 532; x_wconf 78' lang='grc' dir='ltr'><em>Φιλιππίδης</em></span> <span class='ocrx_word' id='word_1_33' title='bbox 1078 479 1343 538; x_wconf 84' lang='grc' dir='ltr'><em>Λυσιμάχου</em></span> <span class='ocrx_word' id='word_1_34' title='bbox 1382 481 1514 540; x_wconf 78' lang='grc' dir='ltr'><em>φίλος</em></span> 
     </span>
     <span class='ocr_line' id='line_1_7' title="bbox 37 549 1515 617; baseline -0.001 -11"><span class='ocrx_word' id='word_1_35' title='bbox 37 562 116 606; x_wconf 82' lang='grc' dir='ltr'><strong>καὶ</strong></span> <span class='ocrx_word' id='word_1_36' title='bbox 151 559 298 604; x_wconf 83' lang='grc' dir='ltr'><em>πολλὰ</em></span> <span class='ocrx_word' id='word_1_37' title='bbox 336 558 405 602; x_wconf 74' lang='grc' dir='ltr'><strong>δι’</strong></span> <span class='ocrx_word' id='word_1_38' title='bbox 437 557 574 602; x_wconf 77' lang='grc' dir='ltr'><em>αὐτὸν</em></span> <span class='ocrx_word' id='word_1_39' title='bbox 613 556 637 602; x_wconf 88' lang='grc' dir='ltr'>ὁ</span> <span class='ocrx_word' id='word_1_40' title='bbox 675 558 816 614; x_wconf 83' lang='grc' dir='ltr'><em>δῆμος</em></span> <span class='ocrx_word' id='word_1_41' title='bbox 851 549 899 601; x_wconf 76' lang='grc' dir='ltr'><strong>εὗ</strong></span> <span class='ocrx_word' id='word_1_42' title='bbox 929 557 1105 602; x_wconf 72' lang='grc' dir='ltr'><em>ἔπαθεν</em></span> <span class='ocrx_word' id='word_1_43' title='bbox 1142 558 1229 603; x_wconf 80' lang='grc' dir='ltr'><strong>ὑπὸ</strong></span> <span class='ocrx_word' id='word_1_44' title='bbox 1269 562 1349 604; x_wconf 84' lang='grc' dir='ltr'><strong>τοῦ</strong></span> <span class='ocrx_word' id='word_1_45' title='bbox 1378 563 1515 617; x_wconf 80' lang='grc' dir='ltr'><em>βασι-</em></span> 
     </span>
     <span class='ocr_line' id='line_1_8' title="bbox 38 635 1515 698; baseline -0.002 -13"><span class='ocrx_word' id='word_1_46' title='bbox 38 641 157 692; x_wconf 81' lang='grc' dir='ltr'><em>λέως.</em></span> <span class='ocrx_word' id='word_1_47' title='bbox 209 637 349 683; x_wconf 77' lang='grc' dir='ltr'><em>ἐδόκει</em></span> <span class='ocrx_word' id='word_1_48' title='bbox 377 639 424 680; x_wconf 79' lang='grc' dir='ltr'><strong>δὲ</strong></span> <span class='ocrx_word' id='word_1_49' title='bbox 451 639 528 680; x_wconf 84' lang='grc' dir='ltr'><strong>καὶ</strong></span> <span class='ocrx_word' id='word_1_50' title='bbox 555 635 664 694; x_wconf 82' lang='grc' dir='ltr'><em>πρὸς</em></span> <span class='ocrx_word' id='word_1_51' title='bbox 691 637 852 693; x_wconf 77' lang='grc' dir='ltr'><em>πρᾶξιν</em></span> <span class='ocrx_word' id='word_1_52' title='bbox 881 635 1003 697; x_wconf 74' lang='grc' dir='ltr'><em>αὐτῷ</em></span> <span class='ocrx_word' id='word_1_53' title='bbox 1031 641 1109 682; x_wconf 85' lang='grc' dir='ltr'><strong>καὶ</strong></span> <span class='ocrx_word' id='word_1_54' title='bbox 1137 638 1246 696; x_wconf 81' lang='grc' dir='ltr'><em>πρὸς</em></span> <span class='ocrx_word' id='word_1_55' title='bbox 1276 639 1515 698; x_wconf 68' lang='grc' dir='ltr'><em>στρατείαν</em></span> 
     </span>
     <span class='ocr_line' id='line_1_9' title="bbox 38 708 1514 776; baseline 0.002 -14"><span class='ocrx_word' id='word_1_56' title='bbox 38 717 309 776; x_wconf 68' lang='grc' dir='ltr'><em>εὐσύμβολος</em></span> <span class='ocrx_word' id='word_1_57' title='bbox 337 713 598 768; x_wconf 77' lang='grc' dir='ltr'><em>ἀπαντήσας</em></span> <span class='ocrx_word' id='word_1_58' title='bbox 625 708 742 758; x_wconf 77' lang='grc' dir='ltr'><em>εἶναι</em></span> <span class='ocrx_word' id='word_1_59' title='bbox 769 718 844 760; x_wconf 80' lang='grc' dir='ltr'><strong>καὶ</strong></span> <span class='ocrx_word' id='word_1_60' title='bbox 875 715 1056 776; x_wconf 74' lang='grc' dir='ltr'><strong>ὀφθείς.</strong></span> <span class='ocrx_word' id='word_1_61' title='bbox 1100 722 1375 775; x_wconf 84' lang='lat' dir='ltr'><strong>Lysimachus</strong></span> <span class='ocrx_word' id='word_1_62' title='bbox 1404 724 1514 765; x_wconf 89' lang='lat' dir='ltr'><strong>enim</strong></span> 
     </span>
     <span class='ocr_line' id='line_1_10' title="bbox 38 799 1513 856; baseline 0.001 -14"><span class='ocrx_word' id='word_1_63' title='bbox 38 814 184 855; x_wconf 80' lang='lat' dir='ltr'><strong>regem</strong></span> <span class='ocrx_word' id='word_1_64' title='bbox 221 813 268 841; x_wconf 88' lang='lat' dir='ltr'><strong>se</strong></span> <span class='ocrx_word' id='word_1_65' title='bbox 297 799 498 853; x_wconf 79' lang='lat' dir='ltr'><strong>appellari</strong></span> <span class='ocrx_word' id='word_1_66' title='bbox 525 799 644 839; x_wconf 89' lang='lat' dir='ltr'><strong>iussit</strong></span> <span class='ocrx_word' id='word_1_67' title='bbox 675 801 842 854; x_wconf 87' lang='lat' dir='ltr'><strong>Olymp.</strong></span> <span class='ocrx_word' id='word_1_68' title='bbox 876 801 1109 842; x_wconf 77' lang='lat' dir='ltr'>CXVIII&#39;2</span> <span class='ocrx_word' id='word_1_69' title='bbox 1141 807 1183 841; x_wconf 82' lang='lat' dir='ltr'><strong>et</strong></span> <span class='ocrx_word' id='word_1_70' title='bbox 1213 803 1314 842; x_wconf 87' lang='lat' dir='ltr'><strong>obiit</strong></span> <span class='ocrx_word' id='word_1_71' title='bbox 1346 803 1513 856; x_wconf 87' lang='lat' dir='ltr'><strong>Olymp.</strong></span> 
     </span>
     <span class='ocr_line' id='line_1_11' title="bbox 37 879 1516 931; baseline 0.001 -10"><span class='ocrx_word' id='word_1_72' title='bbox 37 880 224 926; x_wconf 81' lang='lat' dir='ltr'><strong>cxxlv.</strong></span> <span class='ocrx_word' id='word_1_73' title='bbox 260 879 339 920; x_wconf 84' lang='lat' dir='ltr'><strong>His</strong></span> <span class='ocrx_word' id='word_1_74' title='bbox 368 879 476 919; x_wconf 81' lang='lat' dir='ltr'><strong>adde</strong></span> <span class='ocrx_word' id='word_1_75' title='bbox 506 882 617 931; x_wconf 83' lang='lat' dir='ltr'><strong>quod</strong></span> <span class='ocrx_word' id='word_1_76' title='bbox 653 891 780 931; x_wconf 87' lang='lat' dir='ltr'><strong>quum</strong></span> <span class='ocrx_word' id='word_1_77' title='bbox 809 880 1046 921; x_wconf 81' lang='lat' dir='ltr'><strong>Demetrius</strong></span> <span class='ocrx_word' id='word_1_78' title='bbox 1077 885 1186 921; x_wconf 90' lang='lat' dir='ltr'><strong>teste</strong></span> <span class='ocrx_word' id='word_1_79' title='bbox 1215 882 1399 923; x_wconf 88' lang='lat' dir='ltr'><strong>Diodoro</strong></span> <span class='ocrx_word' id='word_1_80' title='bbox 1430 882 1516 923; x_wconf 86' lang='lat' dir='ltr'><strong>Sic.</strong></span> 
     </span>
     <span class='ocr_line' id='line_1_12' title="bbox 37 957 1518 1011; baseline 0 -10"><span class='ocrx_word' id='word_1_81' title='bbox 37 957 118 1002; x_wconf 78' lang='lat' dir='ltr'><strong>XX</strong></span> <span class='ocrx_word' id='word_1_82' title='bbox 146 959 230 999; x_wconf 87' lang='lat'><strong>110</strong></span> <span class='ocrx_word' id='word_1_83' title='bbox 265 958 464 999; x_wconf 78' lang='lat' dir='ltr'><strong>archonte</strong></span> <span class='ocrx_word' id='word_1_84' title='bbox 503 957 678 999; x_wconf 87' lang='lat' dir='ltr'><strong>Nicocle</strong></span> <span class='ocrx_word' id='word_1_85' title='bbox 714 960 924 1011; x_wconf 80' lang='lat' dir='ltr'><strong>mysteriis</strong></span> <span class='ocrx_word' id='word_1_86' title='bbox 950 960 1178 1000; x_wconf 81' lang='lat' dir='ltr'><strong>Eleusiniis</strong></span> <span class='ocrx_word' id='word_1_87' title='bbox 1218 960 1406 1001; x_wconf 86' lang='lat' dir='ltr'><strong>initiatus</strong></span> <span class='ocrx_word' id='word_1_88' title='bbox 1446 974 1518 1002; x_wconf 87' lang='lat' dir='ltr'><strong>es-</strong></span> 
     </span>
     <span class='ocr_line' id='line_1_13' title="bbox 39 1037 1518 1092; baseline 0 -12"><span class='ocrx_word' id='word_1_89' title='bbox 39 1042 119 1088; x_wconf 77' lang='lat' dir='ltr'><strong>set,</strong></span> <span class='ocrx_word' id='word_1_90' title='bbox 166 1038 211 1079; x_wconf 83' lang='lat' dir='ltr'><strong>id</strong></span> <span class='ocrx_word' id='word_1_91' title='bbox 247 1039 383 1092; x_wconf 89' lang='lat' dir='ltr'><strong>ipsum</strong></span> <span class='ocrx_word' id='word_1_92' title='bbox 421 1037 681 1090; x_wconf 80' lang='lat' dir='ltr'><strong>Philippides</strong></span> <span class='ocrx_word' id='word_1_93' title='bbox 717 1037 899 1080; x_wconf 78' lang='lat' dir='ltr'><strong>irrisisse</strong></span> <span class='ocrx_word' id='word_1_94' title='bbox 948 1039 1100 1079; x_wconf 91' lang='lat' dir='ltr'><strong>dicitur</strong></span> <span class='ocrx_word' id='word_1_95' title='bbox 1138 1054 1162 1079; x_wconf 87' lang='lat' dir='ltr'><strong>a</strong></span> <span class='ocrx_word' id='word_1_96' title='bbox 1201 1040 1428 1081; x_wconf 84' lang='lat' dir='ltr'>Plutarcho</span> <span class='ocrx_word' id='word_1_97' title='bbox 1465 1039 1518 1081; x_wconf 80' lang='lat' dir='ltr'><strong>V.</strong></span> 
     </span>
     <span class='ocr_line' id='line_1_14' title="bbox 40 1116 1517 1172; baseline -0.002 -10"><span class='ocrx_word' id='word_1_98' title='bbox 40 1119 224 1162; x_wconf 78' lang='lat' dir='ltr'><strong>Demetr.</strong></span> <span class='ocrx_word' id='word_1_99' title='bbox 260 1117 348 1159; x_wconf 85' lang='lat'>1.1.</span> <span class='ocrx_word' id='word_1_100' title='bbox 385 1116 429 1156; x_wconf 82' lang='lat' dir='ltr'><strong>id</strong></span> <span class='ocrx_word' id='word_1_101' title='bbox 465 1116 577 1170; x_wconf 87' lang='lat' dir='ltr'><strong>quod</strong></span> <span class='ocrx_word' id='word_1_102' title='bbox 615 1120 712 1157; x_wconf 86' lang='lat' dir='ltr'><strong>ante</strong></span> <span class='ocrx_word' id='word_1_103' title='bbox 749 1117 917 1171; x_wconf 87' lang='lat' dir='ltr'><strong>Olymp.</strong></span> <span class='ocrx_word' id='word_1_104' title='bbox 960 1119 1073 1159; x_wconf 89' lang='lat' dir='ltr'><strong>CXX</strong></span> <span class='ocrx_word' id='word_1_105' title='bbox 1114 1120 1209 1159; x_wconf 90' lang='lat' dir='ltr'><strong>fieri</strong></span> <span class='ocrx_word' id='word_1_106' title='bbox 1245 1132 1330 1159; x_wconf 89' lang='lat' dir='ltr'><strong>non</strong></span> <span class='ocrx_word' id='word_1_107' title='bbox 1366 1119 1517 1172; x_wconf 89' lang='lat' dir='ltr'><strong>potuit.</strong></span> 
     </span>
     <span class='ocr_line' id='line_1_15' title="bbox 41 1193 1519 1251; baseline -0.003 -12"><span class='ocrx_word' id='word_1_108' title='bbox 41 1198 185 1251; x_wconf 79' lang='lat' dir='ltr'><strong>Itaque</strong></span> <span class='ocrx_word' id='word_1_109' title='bbox 211 1199 283 1238; x_wconf 80' lang='lat' dir='ltr'><strong>aut</strong></span> <span class='ocrx_word' id='word_1_110' title='bbox 311 1199 534 1249; x_wconf 85' lang='lat' dir='ltr'><strong>corruptus</strong></span> <span class='ocrx_word' id='word_1_111' title='bbox 574 1198 638 1236; x_wconf 83' lang='lat' dir='ltr'><strong>est</strong></span> <span class='ocrx_word' id='word_1_112' title='bbox 678 1208 877 1237; x_wconf 89' lang='lat' dir='ltr'><strong>numerus</strong></span> <span class='ocrx_word' id='word_1_113' title='bbox 908 1197 1064 1237; x_wconf 85' lang='lat' dir='ltr'><strong>Suidae</strong></span> <span class='ocrx_word' id='word_1_114' title='bbox 1103 1198 1414 1251; x_wconf 81' lang='lat' dir='ltr'><strong>legendumque</strong></span> <span class='ocrx_word' id='word_1_115' title='bbox 1444 1193 1519 1236; x_wconf 81' lang='grc' dir='ltr'><strong>ἐπὶ</strong></span> 
     </span>
    </p>
   </div>
   <div class='ocr_carea' id='block_1_4' title="bbox 10 1268 1520 1410">
    <p class='ocr_par' dir='ltr' id='par_1_4' title="bbox 10 1268 1520 1410">
     <span class='ocr_line' id='line_1_16' title="bbox 10 1268 1518 1330; baseline 0 -14"><span class='ocrx_word' id='word_1_116' title='bbox 10 1295 11 1306; x_wconf 64' lang='lat'>2</span> <span class='ocrx_word' id='word_1_117' title='bbox 39 1273 118 1326; x_wconf 80' lang='grc' dir='ltr'><strong>τῆς</strong></span> <span class='ocrx_word' id='word_1_118' title='bbox 144 1270 227 1330; x_wconf 83' lang='grc' dir='ltr'><strong>ρκά</strong></span> <span class='ocrx_word' id='word_1_119' title='bbox 263 1268 570 1328; x_wconf 82' lang='grc' dir='ltr'><em>Ὀλυμπιάδος</em></span> <span class='ocrx_word' id='word_1_120' title='bbox 604 1275 674 1326; x_wconf 81' lang='lat'><strong>⁹),</strong></span> <span class='ocrx_word' id='word_1_121' title='bbox 710 1281 782 1315; x_wconf 85' lang='lat' dir='ltr'><strong>aut</strong></span> <span class='ocrx_word' id='word_1_122' title='bbox 811 1268 962 1316; x_wconf 74' lang='lat' dir='ltr'><strong>accidit</strong></span> <span class='ocrx_word' id='word_1_123' title='bbox 998 1277 1059 1316; x_wconf 90' lang='lat' dir='ltr'><strong>illi</strong></span> <span class='ocrx_word' id='word_1_124' title='bbox 1088 1277 1203 1318; x_wconf 87' lang='lat' dir='ltr'><strong>idem</strong></span> <span class='ocrx_word' id='word_1_125' title='bbox 1234 1277 1347 1330; x_wconf 84' lang='lat' dir='ltr'><strong>quod</strong></span> <span class='ocrx_word' id='word_1_126' title='bbox 1375 1276 1518 1316; x_wconf 81' lang='lat' dir='ltr'><strong>multis</strong></span> 
     </span>
     <span class='ocr_line' id='line_1_17' title="bbox 10 1353 1520 1410; baseline -0.001 -14"><span class='ocrx_word' id='word_1_127' title='bbox 10 1356 130 1405; x_wconf 54' lang='lat' dir='ltr'><strong>Jliia</strong></span> <span class='ocrx_word' id='word_1_128' title='bbox 172 1355 372 1397; x_wconf 83' lang='lat' dir='ltr'><strong>accidisse</strong></span> <span class='ocrx_word' id='word_1_129' title='bbox 407 1353 631 1396; x_wconf 79' lang='lat' dir='ltr'><strong>clintonus</strong></span> <span class='ocrx_word' id='word_1_130' title='bbox 668 1355 782 1395; x_wconf 89' lang='lat' dir='ltr'><strong>Fast.</strong></span> <span class='ocrx_word' id='word_1_131' title='bbox 813 1355 928 1395; x_wconf 85' lang='lat' dir='ltr'><strong>Hell.</strong></span> <span class='ocrx_word' id='word_1_132' title='bbox 960 1355 1154 1397; x_wconf 88' lang='lat' dir='ltr'><strong>Prooem.</strong></span> <span class='ocrx_word' id='word_1_133' title='bbox 1194 1370 1237 1410; x_wconf 92' lang='lat' dir='ltr'><strong>p.</strong></span> <span class='ocrx_word' id='word_1_134' title='bbox 1267 1355 1401 1397; x_wconf 92' lang='lat' dir='ltr'>XLIV</span> <span class='ocrx_word' id='word_1_135' title='bbox 1446 1355 1520 1395; x_wconf 91' lang='lat' dir='ltr'><strong>do-</strong></span> 
     </span>
    </p>
   </div>
   <div class='ocr_carea' id='block_1_5' title="bbox 32 1434 1522 1490">
    <p class='ocr_par' dir='ltr' id='par_1_5' title="bbox 32 1434 1522 1490">
     <span class='ocr_line' id='line_1_18' title="bbox 32 1434 1522 1490; baseline -0.003 -14"><span class='ocrx_word' id='word_1_136' title='bbox 32 1436 140 1490; x_wconf 64' lang='lat' dir='ltr'><strong>cuit,</strong></span> <span class='ocrx_word' id='word_1_137' title='bbox 177 1439 225 1476; x_wconf 91' lang='lat' dir='ltr'><strong>ut</strong></span> <span class='ocrx_word' id='word_1_138' title='bbox 254 1434 536 1487; x_wconf 83' lang='lat' dir='ltr'><strong>Philippidem</strong></span> <span class='ocrx_word' id='word_1_139' title='bbox 578 1434 783 1474; x_wconf 88' lang='lat' dir='ltr'><strong>comicum</strong></span> <span class='ocrx_word' id='word_1_140' title='bbox 814 1434 1122 1475; x_wconf 84' lang='lat' dir='ltr'><strong>confunderent</strong></span> <span class='ocrx_word' id='word_1_141' title='bbox 1151 1448 1246 1477; x_wconf 90' lang='lat' dir='ltr'><strong>cum</strong></span> <span class='ocrx_word' id='word_1_142' title='bbox 1276 1434 1522 1487; x_wconf 87' lang='lat' dir='ltr'><strong>Philippide</strong></span> 
     </span>
    </p>
   </div>
   <div class='ocr_carea' id='block_1_6' title="bbox 8 1513 1523 1567">
    <p class='ocr_par' dir='ltr' id='par_1_6' title="bbox 8 1513 1523 1567">
     <span class='ocr_line' id='line_1_19' title="bbox 8 1513 1523 1567; baseline -0.001 -12"><span class='ocrx_word' id='word_1_143' title='bbox 8 1543 9 1549; x_wconf 25' lang='grc' dir='ltr'>η</span> <span class='ocrx_word' id='word_1_144' title='bbox 41 1527 108 1564; x_wconf 79' lang='lat' dir='ltr'><strong>eo,</strong></span> <span class='ocrx_word' id='word_1_145' title='bbox 138 1518 282 1555; x_wconf 77' lang='lat' dir='ltr'><strong>contra</strong></span> <span class='ocrx_word' id='word_1_146' title='bbox 310 1526 435 1566; x_wconf 89' lang='lat' dir='ltr'><strong>quem</strong></span> <span class='ocrx_word' id='word_1_147' title='bbox 464 1515 687 1567; x_wconf 85' lang='lat' dir='ltr'><strong>scripserat</strong></span> <span class='ocrx_word' id='word_1_148' title='bbox 703 1513 955 1565; x_wconf 44' lang='lat' dir='ltr'><strong>Hyperide&amp;</strong></span> <span class='ocrx_word' id='word_1_149' title='bbox 987 1518 1029 1553; x_wconf 87' lang='lat' dir='ltr'><strong>et</strong></span> <span class='ocrx_word' id='word_1_150' title='bbox 1060 1515 1178 1554; x_wconf 88' lang='lat' dir='ltr'><strong>cuius</strong></span> <span class='ocrx_word' id='word_1_151' title='bbox 1202 1515 1436 1554; x_wconf 75' lang='lat' dir='ltr'><strong>macilentia</strong></span> <span class='ocrx_word' id='word_1_152' title='bbox 1466 1514 1523 1553; x_wconf 87' lang='lat' dir='ltr'><strong>ri·</strong></span> 
     </span>
    </p>
   </div>
   <div class='ocr_carea' id='block_1_7' title="bbox 41 1592 1524 1884">
    <p class='ocr_par' dir='ltr' id='par_1_7' title="bbox 41 1592 1524 1884">
     <span class='ocr_line' id='line_1_20' title="bbox 41 1592 1524 1646; baseline 0.001 -14"><span class='ocrx_word' id='word_1_153' title='bbox 41 1606 116 1634; x_wconf 75' lang='lat' dir='ltr'><strong>sus</strong></span> <span class='ocrx_word' id='word_1_154' title='bbox 144 1593 341 1645; x_wconf 82' lang='lat' dir='ltr'><strong>iocosque</strong></span> <span class='ocrx_word' id='word_1_155' title='bbox 370 1593 563 1646; x_wconf 78' lang='lat' dir='ltr'><strong>praebuit</strong></span> <span class='ocrx_word' id='word_1_156' title='bbox 597 1593 762 1635; x_wconf 82' lang='lat' dir='ltr'><strong>Alexidi</strong></span> <span class='ocrx_word' id='word_1_157' title='bbox 807 1592 1098 1645; x_wconf 89' lang='lat' dir='ltr'><strong>Aristophouti</strong></span> <span class='ocrx_word' id='word_1_158' title='bbox 1138 1594 1314 1646; x_wconf 83' lang='lat' dir='ltr'><strong>aliisque</strong></span> <span class='ocrx_word' id='word_1_159' title='bbox 1357 1594 1524 1633; x_wconf 84' lang='lat' dir='ltr'><strong>mediae</strong></span> 
     </span>
     <span class='ocr_line' id='line_1_21' title="bbox 44 1672 1522 1726; baseline 0 -14"><span class='ocrx_word' id='word_1_160' title='bbox 44 1672 282 1712; x_wconf 83' lang='lat' dir='ltr'><strong>comoediae</strong></span> <span class='ocrx_word' id='word_1_161' title='bbox 318 1672 601 1724; x_wconf 84' lang='lat' dir='ltr'><strong>scriptoribus.</strong></span> <span class='ocrx_word' id='word_1_162' title='bbox 674 1673 736 1714; x_wconf 92' lang='lat' dir='ltr'><strong>De</strong></span> <span class='ocrx_word' id='word_1_163' title='bbox 777 1673 929 1712; x_wconf 88' lang='lat' dir='ltr'><strong>ceteris</strong></span> <span class='ocrx_word' id='word_1_164' title='bbox 963 1672 1226 1726; x_wconf 86' lang='lat' dir='ltr'><strong>Philippidae</strong></span> <span class='ocrx_word' id='word_1_165' title='bbox 1256 1674 1384 1713; x_wconf 86' lang='lat' dir='ltr'><strong>rebus</strong></span> <span class='ocrx_word' id='word_1_166' title='bbox 1415 1673 1522 1713; x_wconf 88' lang='lat' dir='ltr'><strong>nihil</strong></span> 
     </span>
     <span class='ocr_line' id='line_1_22' title="bbox 43 1751 1523 1804; baseline -0.001 -11"><span class='ocrx_word' id='word_1_167' title='bbox 43 1751 255 1804; x_wconf 82' lang='lat' dir='ltr'><strong>cognitum</strong></span> <span class='ocrx_word' id='word_1_168' title='bbox 293 1751 493 1791; x_wconf 79' lang='lat' dir='ltr'><strong>habemus</strong></span> <span class='ocrx_word' id='word_1_169' title='bbox 530 1753 610 1794; x_wconf 90' lang='lat' dir='ltr'><strong>nisi</strong></span> <span class='ocrx_word' id='word_1_170' title='bbox 647 1753 759 1804; x_wconf 89' lang='lat' dir='ltr'><strong>quod</strong></span> <span class='ocrx_word' id='word_1_171' title='bbox 798 1755 964 1791; x_wconf 75' lang='lat' dir='ltr'><strong>erectae</strong></span> <span class='ocrx_word' id='word_1_172' title='bbox 1002 1751 1082 1792; x_wconf 84' lang='lat' dir='ltr'><strong>fuit</strong></span> <span class='ocrx_word' id='word_1_173' title='bbox 1122 1753 1250 1792; x_wconf 92' lang='lat' dir='ltr'><strong>homo</strong></span> <span class='ocrx_word' id='word_1_174' title='bbox 1289 1753 1442 1792; x_wconf 84' lang='lat' dir='ltr'><strong>indolis</strong></span> <span class='ocrx_word' id='word_1_175' title='bbox 1482 1757 1523 1791; x_wconf 92' lang='lat' dir='ltr'><strong>et</strong></span> 
     </span>
     <span class='ocr_line' id='line_1_23' title="bbox 43 1831 1523 1884; baseline -0.001 -13"><span class='ocrx_word' id='word_1_176' title='bbox 43 1831 129 1872; x_wconf 83' lang='lat' dir='ltr'><strong>oris</strong></span> <span class='ocrx_word' id='word_1_177' title='bbox 155 1831 349 1870; x_wconf 83' lang='lat' dir='ltr'><strong>libertate</strong></span> <span class='ocrx_word' id='word_1_178' title='bbox 379 1835 506 1881; x_wconf 85' lang='lat' dir='ltr'><strong>tanta,</strong></span> <span class='ocrx_word' id='word_1_179' title='bbox 536 1835 582 1871; x_wconf 93' lang='lat' dir='ltr'><strong>ut</strong></span> <span class='ocrx_word' id='word_1_180' title='bbox 610 1831 781 1884; x_wconf 85' lang='lat' dir='ltr'><strong>pristina</strong></span> <span class='ocrx_word' id='word_1_181' title='bbox 811 1832 1054 1873; x_wconf 82' lang='lat' dir='ltr'><strong>comoediae</strong></span> <span class='ocrx_word' id='word_1_182' title='bbox 1084 1833 1215 1872; x_wconf 76' lang='lat' dir='ltr'><strong>virtus</strong></span> <span class='ocrx_word' id='word_1_183' title='bbox 1248 1836 1290 1871; x_wconf 87' lang='lat' dir='ltr'><strong>et</strong></span> <span class='ocrx_word' id='word_1_184' title='bbox 1318 1831 1523 1871; x_wconf 86' lang='lat' dir='ltr'><strong>fortitudo</strong></span> 
     </span>
    </p>
   </div>
   <div class='ocr_carea' id='block_1_8' title="bbox 4 1909 1523 1964">
    <p class='ocr_par' dir='ltr' id='par_1_8' title="bbox 4 1909 1523 1964">
     <span class='ocr_line' id='line_1_24' title="bbox 4 1909 1523 1964; baseline 0.001 -16"><span class='ocrx_word' id='word_1_185' title='bbox 4 1943 6 1948; x_wconf 79' lang='grc'>,</span> <span class='ocrx_word' id='word_1_186' title='bbox 43 1909 87 1950; x_wconf 84' lang='lat' dir='ltr'><strong>in</strong></span> <span class='ocrx_word' id='word_1_187' title='bbox 127 1921 178 1950; x_wconf 87' lang='lat' dir='ltr'><strong>eo</strong></span> <span class='ocrx_word' id='word_1_188' title='bbox 214 1909 415 1950; x_wconf 78' lang='lat' dir='ltr'><strong>revixisse</strong></span> <span class='ocrx_word' id='word_1_189' title='bbox 455 1911 658 1951; x_wconf 71' lang='lat' dir='ltr'><strong>videatur.</strong></span> <span class='ocrx_word' id='word_1_190' title='bbox 725 1912 776 1953; x_wconf 90' lang='lat' dir='ltr'><strong>V.</strong></span> <span class='ocrx_word' id='word_1_191' title='bbox 807 1925 932 1964; x_wconf 84' lang='lat' dir='ltr'><strong>supra</strong></span> <span class='ocrx_word' id='word_1_192' title='bbox 962 1925 1003 1963; x_wconf 91' lang='lat' dir='ltr'><strong>p.</strong></span> <span class='ocrx_word' id='word_1_193' title='bbox 1034 1912 1133 1952; x_wconf 50' lang='lat'><strong>431</strong></span> <span class='ocrx_word' id='word_1_194' title='bbox 1192 1912 1341 1964; x_wconf 78' lang='lat' dir='ltr'><strong>Neque</strong></span> <span class='ocrx_word' id='word_1_195' title='bbox 1375 1911 1523 1963; x_wconf 86' lang='lat' dir='ltr'><strong>poeni-</strong></span> 
     </span>
    </p>
   </div>
   <div class='ocr_carea' id='block_1_9' title="bbox 45 1988 1524 2042">
    <p class='ocr_par' dir='ltr' id='par_1_9' title="bbox 45 1988 1524 2042">
     <span class='ocr_line' id='line_1_25' title="bbox 45 1988 1524 2042; baseline 0 -14"><span class='ocrx_word' id='word_1_196' title='bbox 45 1989 152 2028; x_wconf 82' lang='lat' dir='ltr'><strong>tebit</strong></span> <span class='ocrx_word' id='word_1_197' title='bbox 179 1988 332 2041; x_wconf 83' lang='lat' dir='ltr'><strong>legisse</strong></span> <span class='ocrx_word' id='word_1_198' title='bbox 369 2000 475 2040; x_wconf 88' lang='lat' dir='ltr'><strong>quae</strong></span> <span class='ocrx_word' id='word_1_199' title='bbox 506 1989 560 2029; x_wconf 89' lang='lat' dir='ltr'><strong>de</strong></span> <span class='ocrx_word' id='word_1_200' title='bbox 588 1990 765 2042; x_wconf 82' lang='lat' dir='ltr'><strong>ingenio</strong></span> <span class='ocrx_word' id='word_1_201' title='bbox 802 1992 879 2031; x_wconf 75' lang='lat' dir='ltr'><strong>viri</strong></span> <span class='ocrx_word' id='word_1_202' title='bbox 912 1991 1162 2031; x_wconf 82' lang='lat' dir='ltr'><strong>Plutarchus</strong></span> <span class='ocrx_word' id='word_1_203' title='bbox 1199 1991 1228 2031; x_wconf 91' lang='lat'><strong>1.</strong></span> <span class='ocrx_word' id='word_1_204' title='bbox 1258 1991 1287 2031; x_wconf 91' lang='lat' dir='ltr'><strong>I.</strong></span> <span class='ocrx_word' id='word_1_205' title='bbox 1328 1990 1524 2029; x_wconf 86' lang='lat' dir='ltr'><strong>tradidit:</strong></span> 
     </span>
    </p>
   </div>
   <div class='ocr_carea' id='block_1_10' title="bbox 0 2057 1525 2123">
    <p class='ocr_par' dir='ltr' id='par_1_10' title="bbox 0 2057 1525 2123">
     <span class='ocr_line' id='line_1_26' title="bbox 0 2057 1525 2123; baseline 0 -17"><span class='ocrx_word' id='word_1_206' title='bbox 0 2063 2 2084; x_wconf 70' lang='lat'><em>³</em></span> <span class='ocrx_word' id='word_1_207' title='bbox 38 2063 185 2121; x_wconf 62' lang='grc' dir='ltr'><em>ἄλλως</em></span> <span class='ocrx_word' id='word_1_208' title='bbox 214 2065 261 2107; x_wconf 78' lang='grc' dir='ltr'><strong>δὲ</strong></span> <span class='ocrx_word' id='word_1_209' title='bbox 290 2066 366 2106; x_wconf 81' lang='grc' dir='ltr'><strong>καὶ</strong></span> <span class='ocrx_word' id='word_1_210' title='bbox 394 2064 470 2107; x_wconf 83' lang='grc' dir='ltr'><strong>διὰ</strong></span> <span class='ocrx_word' id='word_1_211' title='bbox 498 2064 549 2108; x_wconf 85' lang='grc' dir='ltr'><strong>τὸ</strong></span> <span class='ocrx_word' id='word_1_212' title='bbox 580 2057 699 2119; x_wconf 70' lang='grc' dir='ltr'><strong>ἦθος</strong></span> <span class='ocrx_word' id='word_1_213' title='bbox 739 2063 962 2123; x_wconf 70' lang='grc' dir='ltr'><em>εὐδοκίμει</em></span> <span class='ocrx_word' id='word_1_214' title='bbox 998 2064 1109 2123; x_wconf 76' lang='grc' dir='ltr'><strong>μηδ’</strong></span> <span class='ocrx_word' id='word_1_215' title='bbox 1143 2063 1325 2118; x_wconf 78' lang='grc' dir='ltr'><em>αὐλικῆς</em></span> <span class='ocrx_word' id='word_1_216' title='bbox 1355 2081 1525 2122; x_wconf 70' lang='grc' dir='ltr'><em>περιερ-</em></span> 
     </span>
    </p>
   </div>
   <div class='ocr_carea' id='block_1_11' title="bbox 47 2140 1528 2440">
    <p class='ocr_par' dir='ltr' id='par_1_11' title="bbox 47 2140 1528 2440">
     <span class='ocr_line' id='line_1_27' title="bbox 47 2140 1527 2204; baseline 0.001 -20"><span class='ocrx_word' id='word_1_217' title='bbox 47 2141 148 2199; x_wconf 72' lang='grc' dir='ltr'><strong>γίας</strong></span> <span class='ocrx_word' id='word_1_218' title='bbox 175 2140 582 2199; x_wconf 75' lang='grc' dir='ltr'><em>ἀναπιμπλάμενος.</em></span> <span class='ocrx_word' id='word_1_219' title='bbox 657 2147 1080 2204; x_wconf 73' lang='grc' dir='ltr'><em>Φιλοφρονουμὲνου</em></span> <span class='ocrx_word' id='word_1_220' title='bbox 1111 2146 1158 2187; x_wconf 80' lang='grc' dir='ltr'><strong>δέ</strong></span> <span class='ocrx_word' id='word_1_221' title='bbox 1189 2161 1294 2187; x_wconf 73' lang='grc' dir='ltr'><em>ποτε</em></span> <span class='ocrx_word' id='word_1_222' title='bbox 1327 2146 1408 2187; x_wconf 85' lang='grc' dir='ltr'><strong>τοῦ</strong></span> <span class='ocrx_word' id='word_1_223' title='bbox 1436 2146 1527 2189; x_wconf 77' lang='grc' dir='ltr'><strong>Λυ-</strong></span> 
     </span>
     <span class='ocr_line' id='line_1_28' title="bbox 53 2215 1526 2280; baseline 0.001 -15"><span class='ocrx_word' id='word_1_224' title='bbox 53 2218 241 2278; x_wconf 78' lang='grc' dir='ltr'><em>σιμάχου</em></span> <span class='ocrx_word' id='word_1_225' title='bbox 276 2220 385 2280; x_wconf 77' lang='grc' dir='ltr'><em>πρὸς</em></span> <span class='ocrx_word' id='word_1_226' title='bbox 420 2219 559 2264; x_wconf 83' lang='grc' dir='ltr'><em>αὐτὸν</em></span> <span class='ocrx_word' id='word_1_227' title='bbox 605 2226 681 2267; x_wconf 87' lang='grc' dir='ltr'><strong>καὶ</strong></span> <span class='ocrx_word' id='word_1_228' title='bbox 716 2222 917 2275; x_wconf 72' lang='grc' dir='ltr'><em>εἰπόντος</em></span> <span class='ocrx_word' id='word_1_229' title='bbox 957 2215 1058 2268; x_wconf 64' lang='lat'><strong>«³52</strong></span> <span class='ocrx_word' id='word_1_230' title='bbox 1104 2223 1368 2277; x_wconf 75' lang='grc' dir='ltr'><em>Φιλιππίδη,</em></span> <span class='ocrx_word' id='word_1_231' title='bbox 1407 2222 1526 2274; x_wconf 67' lang='grc' dir='ltr'><em>τίνος</em></span> 
     </span>
     <span class='ocr_line' id='line_1_29' title="bbox 53 2288 1523 2361; baseline 0.001 -19"><span class='ocrx_word' id='word_1_232' title='bbox 53 2302 129 2343; x_wconf 81' lang='grc' dir='ltr'><strong>σοὶ</strong></span> <span class='ocrx_word' id='word_1_233' title='bbox 167 2301 254 2343; x_wconf 79' lang='grc' dir='ltr'><strong>τῶν</strong></span> <span class='ocrx_word' id='word_1_234' title='bbox 286 2288 675 2359; x_wconf 12' lang='grc' dir='ltr'><em>ἐμῶνγμεταδιό&gt;&gt;ς</em></span> <span class='ocrx_word' id='word_1_235' title='bbox 719 2302 933 2360; x_wconf 73' lang='grc' dir='ltr'><em>«μόνον»</em></span> <span class='ocrx_word' id='word_1_236' title='bbox 974 2303 1060 2361; x_wconf 73' lang='grc' dir='ltr'><strong>ἔφη</strong></span> <span class='ocrx_word' id='word_1_237' title='bbox 1108 2295 1174 2347; x_wconf 79' lang='grc' dir='ltr'><strong>(ὦ</strong></span> <span class='ocrx_word' id='word_1_238' title='bbox 1218 2303 1424 2359; x_wconf 62' lang='grc' dir='ltr'><em>βασιλεῦ,</em></span> <span class='ocrx_word' id='word_1_239' title='bbox 1461 2302 1523 2360; x_wconf 66' lang='grc' dir='ltr'><strong>μ»)-</strong></span> 
     </span>
     <span class='ocr_line' id='line_1_30' title="bbox 54 2376 1528 2440; baseline 0.003 -18"><span class='ocrx_word' id='word_1_240' title='bbox 54 2377 143 2421; x_wconf 76' lang='grc' dir='ltr'><strong>τῶν</strong></span> <span class='ocrx_word' id='word_1_241' title='bbox 179 2376 490 2438; x_wconf 78' lang='grc' dir='ltr'><strong>ἀπορρήτων.»</strong></span> <span class='ocrx_word' id='word_1_242' title='bbox 555 2388 673 2440; x_wconf 73' lang='lat' dir='ltr'><strong>Quae</strong></span> <span class='ocrx_word' id='word_1_243' title='bbox 702 2388 828 2429; x_wconf 76' lang='lat' dir='ltr'><strong>etiam</strong></span> <span class='ocrx_word' id='word_1_244' title='bbox 856 2387 949 2429; x_wconf 79' lang='lat' dir='ltr'><strong>aliis</strong></span> <span class='ocrx_word' id='word_1_245' title='bbox 979 2385 1195 2428; x_wconf 84' lang='lat' dir='ltr'><strong>Plutarchi</strong></span> <span class='ocrx_word' id='word_1_246' title='bbox 1223 2385 1326 2427; x_wconf 89' lang='lat' dir='ltr'><strong>locis</strong></span> <span class='ocrx_word' id='word_1_247' title='bbox 1357 2386 1528 2426; x_wconf 80' lang='lat' dir='ltr'><strong>tradun-</strong></span> 
     </span>
    </p>
   </div>
   <div class='ocr_carea' id='block_1_12' title="bbox 58 2497 322 2510">
    <p class='ocr_par' dir='ltr' id='par_1_12' title="bbox 58 2497 322 2510">
     <span class='ocr_line' id='line_1_31' title="bbox 58 2497 322 2510; baseline 0 680"><span class='ocrx_word' id='word_1_248' title='bbox 58 2497 322 2510; x_wconf 95' lang='lat' dir='ltr'><strong> </strong></span> 
     </span>
    </p>
   </div>
   <div class='ocr_carea' id='block_1_13' title="bbox 119 2584 1532 2769">
    <p class='ocr_par' dir='ltr' id='par_1_13' title="bbox 119 2584 1532 2758">
     <span class='ocr_line' id='line_1_32' title="bbox 119 2584 1531 2644; baseline 0.002 -19"><span class='ocrx_word' id='word_1_249' title='bbox 119 2585 163 2637; x_wconf 79' lang='lat'><strong>&#39;)</strong></span> <span class='ocrx_word' id='word_1_250' title='bbox 198 2584 383 2628; x_wconf 84' lang='lat' dir='ltr'><strong>Eandem</strong></span> <span class='ocrx_word' id='word_1_251' title='bbox 420 2590 667 2630; x_wconf 77' lang='lat' dir='ltr'><strong>sententiam</strong></span> <span class='ocrx_word' id='word_1_252' title='bbox 704 2591 905 2644; x_wconf 83' lang='lat' dir='ltr'><strong>proposui</strong></span> <span class='ocrx_word' id='word_1_253' title='bbox 945 2590 1114 2643; x_wconf 81' lang='lat' dir='ltr'><strong>Proleg.</strong></span> <span class='ocrx_word' id='word_1_254' title='bbox 1158 2588 1211 2630; x_wconf 88' lang='lat' dir='ltr'><strong>ad</strong></span> <span class='ocrx_word' id='word_1_255' title='bbox 1251 2587 1531 2630; x_wconf 81' lang='lat' dir='ltr'><strong>Menandrum</strong></span> 
     </span>
     <span class='ocr_line' id='line_1_33' title="bbox 155 2641 1532 2700; baseline 0.001 -17.016"><span class='ocrx_word' id='word_1_256' title='bbox 155 2653 209 2694; x_wconf 90' lang='grc' dir='ltr'><strong>Ρ.</strong></span> <span class='ocrx_word' id='word_1_257' title='bbox 224 2643 370 2694; x_wconf 81' lang='lat' dir='ltr'>XLIV,</span> <span class='ocrx_word' id='word_1_258' title='bbox 402 2647 470 2685; x_wconf 90' lang='lat' dir='ltr'><strong>uhi</strong></span> <span class='ocrx_word' id='word_1_259' title='bbox 492 2660 712 2699; x_wconf 71' lang='lat' dir='ltr'><strong>operarum</strong></span> <span class='ocrx_word' id='word_1_260' title='bbox 744 2661 888 2689; x_wconf 85' lang='lat' dir='ltr'><strong>errore</strong></span> <span class='ocrx_word' id='word_1_261' title='bbox 917 2648 1165 2700; x_wconf 89' lang='lat' dir='ltr'><strong>impressum</strong></span> <span class='ocrx_word' id='word_1_262' title='bbox 1197 2651 1261 2686; x_wconf 87' lang='lat' dir='ltr'><strong>est</strong></span> <span class='ocrx_word' id='word_1_263' title='bbox 1284 2641 1388 2697; x_wconf 71' lang='grc' dir='ltr'><strong>ρκδ,</strong></span> <span class='ocrx_word' id='word_1_264' title='bbox 1421 2644 1532 2697; x_wconf 88' lang='lat' dir='ltr'><strong>quod</strong></span> 
     </span>
     <span class='ocr_line' id='line_1_34' title="bbox 170 2677 1418 2769; baseline 0.003 -28"><span class='ocrx_word' id='word_1_265' title='bbox 170 2711 323 2769; x_wconf 83' lang='lat' dir='ltr'><strong>moneo</strong></span> <span class='ocrx_word' id='word_1_266' title='bbox 352 2708 525 2758; x_wconf 85' lang='lat' dir='ltr'><strong>propter</strong></span> <span class='ocrx_word' id='word_1_267' title='bbox 555 2704 795 2746; x_wconf 86' lang='lat' dir='ltr'><strong>Clintonum</strong></span> <span class='ocrx_word' id='word_1_268' title='bbox 824 2705 1018 2750; x_wconf 81' lang='lat' dir='ltr'><strong>Prooem.</strong></span> <span class='ocrx_word' id='word_1_269' title='bbox 1050 2705 1166 2747; x_wconf 78' lang='lat' dir='ltr'><strong>Fast.</strong></span> <span class='ocrx_word' id='word_1_270' title='bbox 1195 2716 1239 2758; x_wconf 87' lang='lat' dir='ltr'><strong>p.</strong></span> <span class='ocrx_word' id='word_1_271' title='bbox 1269 2677 1418 2745; x_wconf 81' lang='lat' dir='ltr'>XLIV</span> 
     </span>
    </p>
   </div>
  </div>
 </body>
</html>
