1702 3190
1600 0 1605 2 .
1614 0 1702 59 Διί-Ἥ

1654 48 1655 54 η
1674 40 1702 71 5:⁸⁸»

189 165 273 206 486
546 190 549 192 -
701 174 752 202 ns
783 173 889 204 που
918 173 1137 206 cononum.
1201 199 1204 203 Δ

189 288 323 325 ceum,
346 272 605 323 Machonem,
622 272 907 322 Menandrum,
931 273 1214 315 Philemonem
1233 273 1265 323 Ι,
1287 273 1569 316 Philemonem
1580 275 1634 326 n,

193 350 799 404 Philippidem,Phoenicidem,
815 350 1094 403 Posidippum,
1117 351 1382 403 Sosipatrum‚
1403 354 1641 404 Sosippum,;

193 421 458 482 Stephanum,
475 430 775 480 Theognetum.
805 429 868 468 Ex
892 429 953 468 his
977 432 1136 468 veteres
1157 429 1287 468 critici
1314 430 1487 481 palmam
1517 430 1636 471 detu-

192 508 289 555 lisse
301 508 488 547 videntur
497 506 726 546 Philemoni
737 506 769 554 1,
785 506 1207 558 MenanerDiphilo,
1220 507 1440 558 Philippidi
1458 511 1498 546 et
1507 506 1635 559 Apol-

192 586 335 626 lodoro
356 585 556 636 Carystio,
586 597 682 633 non,
709 587 756 623 ut
783 582 890 622 infra
920 583 1219 632 demonstrabo,
1242 583 1385 623 Geloo.
1417 585 1504 625 Hos
1524 589 1637 626 certa

191 676 291 716 prae
319 664 467 704 ceteris
496 665 787 702 commemorat
810 660 1105 700 Grammaticus
1134 661 1243 712 apud
1257 661 1501 703 Montefalc.
1530 662 1639 704 Bibl.

193 741 318 782 eoisl.
360 754 402 793 p.
430 741 529 782 597.
600 741 745 790 Neque
783 742 985 789 repugnat
1022 739 1259 790 Anonymus
1301 738 1354 778 de
1390 740 1504 779 Com.
1542 739 1570 780 1.
1607 736 1639 780 l.

192 819 271 859 nisi
308 818 418 869 quod
446 816 713 869 Posidippum
750 815 929 854 addidit:
968 809 1305 866 ἀξιολογώτατοι
1340 812 1388 855 δὲ
1431 811 1641 868 Φιλήμων
1695 830 1702 866 5

194 891 455 946 Μένανδρος
489 888 672 947 Δίφιλος
706 887 976 940 Φιλιππίδης
1003 888 1306 939 Ποσείδιππος
1348 886 1640 932 ’Aaou-63«,-
1695 885 1702 930 5³

191 984 281 1027 ρος.
353 972 529 1011 Tzetzes
569 975 707 1011 autem
743 971 854 1010 Prol.
892 971 944 1010 ad
979 970 1186 1023 Lycophr.
1227 982 1269 1022 p.
1300 969 1383 1009 257
1412 969 1558 1011 Muell.
1595 970 1640 1012 in

193 1051 318 1093 trium
339 1054 554 1102 poetarum
579 1049 963 1089 commemoratione
991 1048 1235 1099 acquiescit:
1264 1045 1339 1086 καὶ
1366 1045 1466 1098 νέοι,
1495 1048 1641 1101 inquit,

195 1124 455 1180 Μένανδρος
499 1122 710 1179 Φιλήμων
762 1122 1001 1166 Φιλιστίων
1036 1123 1112 1164 καὶ
1154 1123 1330 1174 πλῆθος
1369 1119 1493 1166 πολύ.
1557 1124 1641 1165 Ubi
1697 1129 1702 1177 J

194 1217 320 1257 quum
357 1205 607 1256 ineptissima
644 1205 696 1244 sit
725 1203 978 1244 Philistionis
1020 1204 1309 1256 mimographi,
1347 1205 1418 1256 qui
1451 1203 1641 1244 extremis
1699 1206 1702 1223 ·'

196 1284 369 1335 Augusti
397 1283 649 1333 temporibus
683 1283 822 1322 floruit
863 1281 1032 1331 (Praef.
1057 1282 1170 1322 Men.
1200 1295 1242 1334 p.
1272 1282 1404 1333 Vll),
1432 1281 1643 1331 memoria,

194 1362 260 1401 vix
306 1360 445 1400 dubito
491 1361 588 1411 quin
629 1361 805 1400 Tzetzes
862 1355 1130 1407 Φιλιππίδης
1175 1359 1370 1410 scriptum
1411 1359 1640 1410 reliquerit.

195 1438 257 1478 De
292 1441 437 1477 natura
472 1441 526 1485 {et
562 1438 701 1478 indole
746 1450 875 1477 novae
919 1437 1156 1476 comoediae
1196 1448 1320 1488 quum
1362 1437 1459 1476 satis
1498 1437 1578 1475 iam
1617 1448 1642 1476 a
1700 1454 1702 1457 ⁴

195 1515 327 1555 doctis
365 1515 552 1556 Terentii
588 1515 880 1566 interpretibus
917 1518 960 1554 et
997 1514 1038 1553 in
1068 1514 1217 1554 nostris
1256 1514 1307 1553 de
1335 1513 1564 1554 Menandro
1599 1515 1643 1553 et
1699 1537 1702 1544 ν

195 1592 439 1632 Philemone
468 1592 768 1632 commentariis
800 1591 1027 1644 expositum
1057 1593 1130 1642 sit,
1168 1605 1217 1632 ea
1255 1595 1411 1632 tantum
1440 1591 1521 1631 hoc
1548 1591 1642 1631 loco

195 1671 495 1722 perstringam,
532 1684 638 1724 quae
677 1671 727 1710 ab
764 1670 854 1709 aliis
883 1670 948 1710 vel
977 1671 1127 1710 omissa
1154 1671 1220 1710 vel
1250 1671 1382 1710 minus
1410 1670 1532 1722 plene
1558 1674 1643 1710 tra-
1686 1653 1702 1728 {l

195 1749 280 1788 dita
316 1753 424 1790 sunt.
496 1751 557 1789 Ac
584 1750 760 1801 primum
787 1749 819 1787 ii
847 1761 1097 1801 magnopere
1133 1748 1351 1798 falluntur,
1385 1749 1455 1800 qui
1496 1759 1643 1788 novam
1684 1734 1687 1738 ’

196 1827 449 1866 comoediam
486 1827 592 1866 intra
630 1827 811 1879 privatae
850 1828 957 1866 vitae
994 1828 1174 1878 parietes
1208 1828 1265 1866 ita
1293 1826 1408 1879 quasi
1443 1826 1643 1865 inclusam

194 1904 324 1945 fuisse
353 1905 428 1945 sibi
445 1905 704 1958 persuadent,
733 1907 780 1943 ut
808 1917 898 1944 eam
926 1918 1061 1957 neque
1088 1905 1131 1944 in
1151 1905 1355 1957 publicam
1383 1903 1517 1943 lucem
1545 1915 1643 1955 pro·

197 1983 320 2023 diisse
347 1996 423 2023 nec
449 1983 528 2022 nisi
555 1982 662 2022 fictis
691 1983 920 2023 nominibus
950 1985 1096 2023 lusisse
1126 1983 1368 2023 existiment.
1440 1983 1570 2032 Quam
1598 1980 1642 2021 in
1684 1982 1700 2023 ξ..

198 2073 286 2100 rem
313 2060 410 2100 nolo
441 2072 760 2100 commemorare
790 2072 894 2111 quae
923 2061 1141 2101 Philemon
1177 2064 1220 2099 et
1247 2057 1477 2100 Menander
1504 2059 1555 2098 de
1582 2058 1644 2098 vi-

197 2140 373 2180 nositate
401 2143 445 2178 et
472 2139 662 2178 iactantia
690 2138 908 2179 Alexandri
938 2136 1081 2190 Magni
1120 2139 1190 2190 (p.
1220 2138 1288 2177 99.
1316 2137 1427 2188 211)
1464 2136 1516 2176 de
1545 2136 1644 2176 Dio·
1694 2116 1700 2165 9

198 2217 304 2269 nysii
344 2215 620 2258 Heracleotae
663 2216 867 2256 obesitate
904 2220 946 2256 et
981 2216 1142 2256 luxurie
1177 2216 1253 2267 (p.
1283 2216 1367 2266 10)
1408 2214 1460 2253 de
1489 2214 1640 2266 Magne

199 2295 310 2347 regis
346 2296 601 2347 Cyrenarum
647 2293 807 2333 inscitia
845 2297 886 2332 et
923 2295 1157 2347 stupiditate
1196 2293 1266 2345 (p.
1305 2293 1415 2343 414)
1455 2293 1642 2345 protule-
1673 2279 1695 2310 '³²'

199 2377 307 2422 runt,
335 2372 401 2412 vel
430 2386 534 2425 quae
563 2372 746 2431 foederis
773 2371 881 2412 inter
910 2372 1114 2424 Pyrrhum
1144 2374 1185 2410 et
1202 2372 1451 2422 Antigonum
1479 2370 1642 2410 ridendi
1666 2366 1695 2409 ζ]

201 2462 322 2489 causa
363 2450 460 2490 lusit
502 2451 776 2490 Phoenicides
820 2449 930 2502 apud
972 2449 1236 2502 Hesychium‘
1267 2449 1348 2489 vol.
1387 2448 1406 2488 1
1445 2461 1487 2500 p.
1516 2447 1643 2488 1041.
1668 2429 1693 2485 ί

199 2527 322 2566 Mitto
351 2528 473 2567 etiam
503 2529 638 2568 lenem
666 2529 912 2580 minimeque
939 2528 1154 2580 malignam
1167 2526 1683 2579 GorydiCauimedontisji

201 2604 454 2654 aliorumque
511 2606 739 2647 irrisionem
796 2606 904 2659 apud
960 2606 1228 2659 Euphronem
1285 2605 1486 2645 Athenaei
1541 2590 1673 2654 VIII-{ss¹

201 2694 241 2733 p.
269 2682 394 2720 343b
432 2685 472 2722 et
502 2683 717 2725 Menandr.
760 2698 798 2737 p.
831 2685 913 2723 108
940 2697 1002 2736 sq.
1067 2686 1122 2726 At
1156 2683 1472 2732 Dmocharem,
1509 2682 1639 2723 virum
1653 2679 1661 2717 -Ϊ
1700 2684 1702 2698 ¹
