<?xml version="1.0" encoding="UTF-8"?>
<!DOCTYPE html PUBLIC "-//W3C//DTD XHTML 1.0 Transitional//EN"
    "http://www.w3.org/TR/xhtml1/DTD/xhtml1-transitional.dtd">
<html xmlns="http://www.w3.org/1999/xhtml" xml:lang="en" lang="en">
 <head>
  <title>
</title>
<meta http-equiv="Content-Type" content="text/html;charset=utf-8" />
  <meta name='ocr-system' content='tesseract 3.04.00' />
  <meta name='ocr-capabilities' content='ocr_page ocr_carea ocr_par ocr_line ocrx_word'/>
</head>
<body>
  <div class='ocr_page' id='page_1' title='image "./fragmentacomicor01meinuoft_0156.png"; bbox 0 0 1702 3190; ppageno 0'>
   <div class='ocr_carea' id='block_1_1' title="bbox 236 178 1069 219">
    <p class='ocr_par' dir='ltr' id='par_1_1' title="bbox 236 178 1069 219">
     <span class='ocr_line' id='line_1_1' title="bbox 236 178 1069 219; baseline 0.002 -2"><span class='ocrx_word' id='word_1_1' title='bbox 236 178 315 217; x_wconf 68' lang='lat'><strong>134</strong></span> <span class='ocrx_word' id='word_1_2' title='bbox 885 188 1069 219; x_wconf 74' lang='lat' dir='ltr'><strong>aurona.</strong></span> 
     </span>
    </p>
   </div>
   <div class='ocr_carea' id='block_1_2' title="bbox 227 284 1702 2349">
    <p class='ocr_par' dir='ltr' id='par_1_2' title="bbox 227 284 1702 2349">
     <span class='ocr_line' id='line_1_2' title="bbox 235 284 1678 343; baseline 0.001 -15"><span class='ocrx_word' id='word_1_3' title='bbox 235 286 432 339; x_wconf 78' lang='lat' dir='ltr'><strong>rogantia.</strong></span> <span class='ocrx_word' id='word_1_4' title='bbox 491 285 551 325; x_wconf 80' lang='lat' dir='ltr'><strong>E&#39;x</strong></span> <span class='ocrx_word' id='word_1_5' title='bbox 582 284 644 324; x_wconf 82' lang='lat' dir='ltr'><strong>his</strong></span> <span class='ocrx_word' id='word_1_6' title='bbox 674 286 834 336; x_wconf 88' lang='lat' dir='ltr'><strong>qualem</strong></span> <span class='ocrx_word' id='word_1_7' title='bbox 861 287 903 328; x_wconf 87' lang='lat' dir='ltr'><strong>in</strong></span> <span class='ocrx_word' id='word_1_8' title='bbox 933 288 1153 328; x_wconf 84' lang='lat' dir='ltr'><strong>domestica</strong></span> <span class='ocrx_word' id='word_1_9' title='bbox 1181 291 1262 330; x_wconf 87' lang='lat' dir='ltr'><strong>vita</strong></span> <span class='ocrx_word' id='word_1_10' title='bbox 1289 301 1334 330; x_wconf 80' lang='lat' dir='ltr'><strong>se</strong></span> <span class='ocrx_word' id='word_1_11' title='bbox 1358 288 1591 343; x_wconf 79' lang='lat' dir='ltr'><strong>praebuerit</strong></span> <span class='ocrx_word' id='word_1_12' title='bbox 1616 289 1678 330; x_wconf 71' lang='lat' dir='ltr'><strong>fa-</strong></span> 
     </span>
     <span class='ocr_line' id='line_1_3' title="bbox 237 363 1677 414; baseline 0.003 -11"><span class='ocrx_word' id='word_1_13' title='bbox 237 364 314 403; x_wconf 89' lang='lat' dir='ltr'><strong>cile</strong></span> <span class='ocrx_word' id='word_1_14' title='bbox 350 363 604 414; x_wconf 70' lang='lat' dir='ltr'><strong>intelligitur.</strong></span> <span class='ocrx_word' id='word_1_15' title='bbox 670 363 933 404; x_wconf 90' lang='lat' dir='ltr'><strong>Matrimonio</strong></span> <span class='ocrx_word' id='word_1_16' title='bbox 971 367 1149 406; x_wconf 87' lang='lat' dir='ltr'><strong>iunctam</strong></span> <span class='ocrx_word' id='word_1_17' title='bbox 1183 367 1260 406; x_wconf 80' lang='lat' dir='ltr'><strong>sibi</strong></span> <span class='ocrx_word' id='word_1_18' title='bbox 1289 366 1431 406; x_wconf 90' lang='lat' dir='ltr'><strong>habuit</strong></span> <span class='ocrx_word' id='word_1_19' title='bbox 1460 367 1677 408; x_wconf 82' lang='lat' dir='ltr'><strong>Glauconis</strong></span> 
     </span>
     <span class='ocr_line' id='line_1_4' title="bbox 235 441 1676 496; baseline 0.004 -16"><span class='ocrx_word' id='word_1_20' title='bbox 235 441 383 489; x_wconf 85' lang='lat' dir='ltr'><strong>filiam,</strong></span> <span class='ocrx_word' id='word_1_21' title='bbox 422 453 471 480; x_wconf 81' lang='lat' dir='ltr'><strong>ex</strong></span> <span class='ocrx_word' id='word_1_22' title='bbox 506 453 584 492; x_wconf 88' lang='lat' dir='ltr'><strong>qua</strong></span> <span class='ocrx_word' id='word_1_23' title='bbox 625 441 900 492; x_wconf 88' lang='lat' dir='ltr'><strong>Hipponicum</strong></span> <span class='ocrx_word' id='word_1_24' title='bbox 937 445 1140 495; x_wconf 81' lang='lat' dir='ltr'><strong>suscepit,</strong></span> <span class='ocrx_word' id='word_1_25' title='bbox 1183 445 1414 484; x_wconf 84' lang='lat' dir='ltr'><strong>Andocides</strong></span> <span class='ocrx_word' id='word_1_26' title='bbox 1460 443 1512 483; x_wconf 90' lang='lat' dir='ltr'><strong>de</strong></span> <span class='ocrx_word' id='word_1_27' title='bbox 1550 445 1676 496; x_wconf 79' lang='lat' dir='ltr'><strong>Myst.</strong></span> 
     </span>
     <span class='ocr_line' id='line_1_5' title="bbox 234 518 1679 571; baseline 0.002 -13"><span class='ocrx_word' id='word_1_28' title='bbox 234 531 274 570; x_wconf 90' lang='lat' dir='ltr'><strong>p.</strong></span> <span class='ocrx_word' id='word_1_29' title='bbox 296 518 392 566; x_wconf 88' lang='grc'>119,</span> <span class='ocrx_word' id='word_1_30' title='bbox 422 530 541 569; x_wconf 89' lang='lat' dir='ltr'><strong>quem</strong></span> <span class='ocrx_word' id='word_1_31' title='bbox 573 522 618 558; x_wconf 85' lang='lat' dir='ltr'><strong>ut</strong></span> <span class='ocrx_word' id='word_1_32' title='bbox 633 519 828 571; x_wconf 85' lang='lat' dir='ltr'><strong>Aspasiae</strong></span> <span class='ocrx_word' id='word_1_33' title='bbox 860 522 1128 560; x_wconf 86' lang='lat' dir='ltr'><strong>erudiendum</strong></span> <span class='ocrx_word' id='word_1_34' title='bbox 1158 523 1337 561; x_wconf 86' lang='lat' dir='ltr'><strong>traderet</strong></span> <span class='ocrx_word' id='word_1_35' title='bbox 1367 526 1506 561; x_wconf 82' lang='lat' dir='ltr'><strong>auctor</strong></span> <span class='ocrx_word' id='word_1_36' title='bbox 1535 523 1573 561; x_wconf 89' lang='lat' dir='ltr'><strong>ei</strong></span> <span class='ocrx_word' id='word_1_37' title='bbox 1600 521 1679 562; x_wconf 87' lang='lat' dir='ltr'><strong>fuit</strong></span> 
     </span>
     <span class='ocr_line' id='line_1_6' title="bbox 235 596 1678 650; baseline 0.003 -15"><span class='ocrx_word' id='word_1_38' title='bbox 235 596 448 644; x_wconf 76' lang='lat' dir='ltr'><strong>Socrates,</strong></span> <span class='ocrx_word' id='word_1_39' title='bbox 499 600 604 635; x_wconf 83' lang='lat' dir='ltr'><strong>teste</strong></span> <span class='ocrx_word' id='word_1_40' title='bbox 651 597 829 636; x_wconf 83' lang='lat' dir='ltr'><strong>Maximo</strong></span> <span class='ocrx_word' id='word_1_41' title='bbox 877 598 976 650; x_wconf 82' lang='lat' dir='ltr'><strong>Tyr.</strong></span> <span class='ocrx_word' id='word_1_42' title='bbox 1013 598 1191 641; x_wconf 88' lang='lat' dir='ltr'>XXVIII</span> <span class='ocrx_word' id='word_1_43' title='bbox 1229 599 1270 639; x_wconf 87' lang='lat'><strong>4.</strong></span> <span class='ocrx_word' id='word_1_44' title='bbox 1343 599 1508 639; x_wconf 84' lang='lat' dir='ltr'><strong>Mortua</strong></span> <span class='ocrx_word' id='word_1_45' title='bbox 1550 611 1678 640; x_wconf 82' lang='lat' dir='ltr'><strong>uxore</strong></span> 
     </span>
     <span class='ocr_line' id='line_1_7' title="bbox 238 673 1678 727; baseline 0.002 -14"><span class='ocrx_word' id='word_1_46' title='bbox 238 673 490 714; x_wconf 80' lang='lat' dir='ltr'><strong>Ischomaclii</strong></span> <span class='ocrx_word' id='word_1_47' title='bbox 522 677 562 712; x_wconf 91' lang='lat' dir='ltr'><strong>et</strong></span> <span class='ocrx_word' id='word_1_48' title='bbox 592 673 829 726; x_wconf 85' lang='lat' dir='ltr'><strong>Chrysiadis</strong></span> <span class='ocrx_word' id='word_1_49' title='bbox 857 676 982 714; x_wconf 89' lang='lat' dir='ltr'><strong>filiam</strong></span> <span class='ocrx_word' id='word_1_50' title='bbox 1014 675 1145 724; x_wconf 83' lang='lat' dir='ltr'><strong>duxit,</strong></span> <span class='ocrx_word' id='word_1_51' title='bbox 1175 688 1361 727; x_wconf 90' lang='lat' dir='ltr'><strong>annoque</strong></span> <span class='ocrx_word' id='word_1_52' title='bbox 1389 676 1601 716; x_wconf 88' lang='lat' dir='ltr'><strong>interiecto</strong></span> <span class='ocrx_word' id='word_1_53' title='bbox 1627 689 1678 716; x_wconf 86' lang='lat' dir='ltr'><strong>eo</strong></span> 
     </span>
     <span class='ocr_line' id='line_1_8' title="bbox 234 751 1679 805; baseline 0.004 -17"><span class='ocrx_word' id='word_1_54' title='bbox 234 751 440 802; x_wconf 76' lang='lat' dir='ltr'><strong>nequitiae</strong></span> <span class='ocrx_word' id='word_1_55' title='bbox 472 752 690 802; x_wconf 87' lang='lat' dir='ltr'><strong>processit,</strong></span> <span class='ocrx_word' id='word_1_56' title='bbox 717 755 763 791; x_wconf 90' lang='lat' dir='ltr'><strong>ut</strong></span> <span class='ocrx_word' id='word_1_57' title='bbox 793 764 936 791; x_wconf 89' lang='lat' dir='ltr'><strong>socero</strong></span> <span class='ocrx_word' id='word_1_58' title='bbox 967 756 1126 792; x_wconf 91' lang='lat' dir='ltr'><strong>mortuo</strong></span> <span class='ocrx_word' id='word_1_59' title='bbox 1156 754 1278 793; x_wconf 90' lang='lat' dir='ltr'><strong>etiam</strong></span> <span class='ocrx_word' id='word_1_60' title='bbox 1309 753 1573 805; x_wconf 87' lang='lat' dir='ltr'><strong>Chrysiadem</strong></span> <span class='ocrx_word' id='word_1_61' title='bbox 1603 755 1679 794; x_wconf 87' lang='lat' dir='ltr'><strong>du-</strong></span> 
     </span>
     <span class='ocr_line' id='line_1_9' title="bbox 234 828 1678 880; baseline 0.004 -14"><span class='ocrx_word' id='word_1_62' title='bbox 234 831 346 866; x_wconf 88' lang='lat' dir='ltr'><strong>ceret</strong></span> <span class='ocrx_word' id='word_1_63' title='bbox 375 828 559 880; x_wconf 81' lang='lat' dir='ltr'><strong>adeoque</strong></span> <span class='ocrx_word' id='word_1_64' title='bbox 587 829 706 868; x_wconf 91' lang='lat' dir='ltr'><strong>simul</strong></span> <span class='ocrx_word' id='word_1_65' title='bbox 747 832 788 867; x_wconf 85' lang='lat' dir='ltr'><strong>et</strong></span> <span class='ocrx_word' id='word_1_66' title='bbox 816 833 987 869; x_wconf 88' lang='lat' dir='ltr'><strong>matrem</strong></span> <span class='ocrx_word' id='word_1_67' title='bbox 1026 833 1069 870; x_wconf 89' lang='lat' dir='ltr'><strong>et</strong></span> <span class='ocrx_word' id='word_1_68' title='bbox 1104 831 1228 871; x_wconf 89' lang='lat' dir='ltr'><strong>filiam</strong></span> <span class='ocrx_word' id='word_1_69' title='bbox 1263 831 1447 871; x_wconf 83' lang='lat' dir='ltr'><strong>haberet.</strong></span> <span class='ocrx_word' id='word_1_70' title='bbox 1513 831 1565 872; x_wconf 93' lang='lat' dir='ltr'><strong>V.</strong></span> <span class='ocrx_word' id='word_1_71' title='bbox 1594 833 1678 872; x_wconf 91' lang='lat' dir='ltr'><strong>An-</strong></span> 
     </span>
     <span class='ocr_line' id='line_1_10' title="bbox 233 905 1676 961; baseline 0.003 -17"><span class='ocrx_word' id='word_1_72' title='bbox 233 905 399 944; x_wconf 88' lang='lat' dir='ltr'><strong>docides</strong></span> <span class='ocrx_word' id='word_1_73' title='bbox 443 905 471 945; x_wconf 89' lang='lat' dir='ltr'><strong>l.</strong></span> <span class='ocrx_word' id='word_1_74' title='bbox 516 905 543 946; x_wconf 82' lang='lat' dir='ltr'><strong>l.</strong></span> <span class='ocrx_word' id='word_1_75' title='bbox 598 906 812 957; x_wconf 81' lang='lat' dir='ltr'><strong>Chrysiadi</strong></span> <span class='ocrx_word' id='word_1_76' title='bbox 847 907 1029 956; x_wconf 88' lang='lat' dir='ltr'><strong>iunctus,</strong></span> <span class='ocrx_word' id='word_1_77' title='bbox 1077 922 1126 948; x_wconf 82' lang='lat' dir='ltr'><strong>ex</strong></span> <span class='ocrx_word' id='word_1_78' title='bbox 1164 920 1241 959; x_wconf 87' lang='lat' dir='ltr'><strong>qua</strong></span> <span class='ocrx_word' id='word_1_79' title='bbox 1279 921 1397 960; x_wconf 90' lang='lat' dir='ltr'><strong>quem</strong></span> <span class='ocrx_word' id='word_1_80' title='bbox 1438 913 1676 961; x_wconf 81' lang='lat' dir='ltr'><strong>susceperat</strong></span> 
     </span>
     <span class='ocr_line' id='line_1_11' title="bbox 231 982 1676 1037; baseline 0.003 -17"><span class='ocrx_word' id='word_1_81' title='bbox 231 982 361 1022; x_wconf 83' lang='lat' dir='ltr'><strong>filium</strong></span> <span class='ocrx_word' id='word_1_82' title='bbox 388 983 457 1034; x_wconf 81' lang='lat'><strong>⁷⁸)</strong></span> <span class='ocrx_word' id='word_1_83' title='bbox 496 983 627 1035; x_wconf 88' lang='lat' dir='ltr'><strong>primo</strong></span> <span class='ocrx_word' id='word_1_84' title='bbox 669 984 858 1034; x_wconf 88' lang='lat' dir='ltr'><strong>eiuravit,</strong></span> <span class='ocrx_word' id='word_1_85' title='bbox 895 985 1056 1037; x_wconf 81' lang='lat' dir='ltr'><strong>Epilyci</strong></span> <span class='ocrx_word' id='word_1_86' title='bbox 1093 986 1215 1024; x_wconf 76' lang='lat' dir='ltr'><strong>filiam</strong></span> <span class='ocrx_word' id='word_1_87' title='bbox 1245 985 1320 1024; x_wconf 86' lang='lat' dir='ltr'><strong>sibi</strong></span> <span class='ocrx_word' id='word_1_88' title='bbox 1349 996 1516 1025; x_wconf 81' lang='lat' dir='ltr'><strong>uxorem</strong></span> <span class='ocrx_word' id='word_1_89' title='bbox 1545 985 1676 1037; x_wconf 83' lang='lat' dir='ltr'><strong>petiit,</strong></span> 
     </span>
     <span class='ocr_line' id='line_1_12' title="bbox 232 1060 1679 1110; baseline 0.002 -12"><span class='ocrx_word' id='word_1_90' title='bbox 232 1060 299 1098; x_wconf 89' lang='grc'>0111</span> <span class='ocrx_word' id='word_1_91' title='bbox 320 1060 380 1099; x_wconf 91' lang='lat' dir='ltr'><strong>rei</strong></span> <span class='ocrx_word' id='word_1_92' title='bbox 398 1073 490 1100; x_wconf 92' lang='lat' dir='ltr'><strong>cum</strong></span> <span class='ocrx_word' id='word_1_93' title='bbox 508 1061 739 1100; x_wconf 80' lang='lat' dir='ltr'><strong>Andocides</strong></span> <span class='ocrx_word' id='word_1_94' title='bbox 766 1062 1054 1110; x_wconf 86' lang='lat' dir='ltr'><strong>intercederet,</strong></span> <span class='ocrx_word' id='word_1_95' title='bbox 1084 1062 1183 1101; x_wconf 89' lang='lat' dir='ltr'><strong>huic</strong></span> <span class='ocrx_word' id='word_1_96' title='bbox 1211 1063 1314 1101; x_wconf 92' lang='lat' dir='ltr'><strong>adeo</strong></span> <span class='ocrx_word' id='word_1_97' title='bbox 1344 1065 1515 1101; x_wconf 85' lang='lat' dir='ltr'><strong>mortem</strong></span> <span class='ocrx_word' id='word_1_98' title='bbox 1544 1063 1679 1103; x_wconf 90' lang='lat' dir='ltr'><strong>inten-</strong></span> 
     </span>
     <span class='ocr_line' id='line_1_13' title="bbox 232 1137 1676 1192; baseline 0.004 -18"><span class='ocrx_word' id='word_1_99' title='bbox 232 1137 303 1177; x_wconf 88' lang='lat' dir='ltr'><strong>dit.</strong></span> <span class='ocrx_word' id='word_1_100' title='bbox 335 1138 384 1179; x_wconf 89' lang='lat' dir='ltr'><strong>V.</strong></span> <span class='ocrx_word' id='word_1_101' title='bbox 415 1138 583 1178; x_wconf 85' lang='lat' dir='ltr'><strong>Sluiteri</strong></span> <span class='ocrx_word' id='word_1_102' title='bbox 613 1138 743 1178; x_wconf 88' lang='lat' dir='ltr'><strong>Lectt.</strong></span> <span class='ocrx_word' id='word_1_103' title='bbox 760 1140 915 1180; x_wconf 86' lang='lat' dir='ltr'><strong>Andoc.</strong></span> <span class='ocrx_word' id='word_1_104' title='bbox 943 1152 985 1191; x_wconf 88' lang='lat' dir='ltr'><strong>p.</strong></span> <span class='ocrx_word' id='word_1_105' title='bbox 1003 1137 1071 1179; x_wconf 86' lang='grc'><strong>95.</strong></span> <span class='ocrx_word' id='word_1_106' title='bbox 1128 1139 1174 1178; x_wconf 91' lang='grc'><strong>111</strong></span> <span class='ocrx_word' id='word_1_107' title='bbox 1202 1153 1250 1179; x_wconf 88' lang='lat' dir='ltr'><strong>re</strong></span> <span class='ocrx_word' id='word_1_108' title='bbox 1278 1140 1439 1192; x_wconf 87' lang='lat' dir='ltr'><strong>publica</strong></span> <span class='ocrx_word' id='word_1_109' title='bbox 1469 1140 1676 1180; x_wconf 80' lang='lat' dir='ltr'><strong>tractanda</strong></span> 
     </span>
     <span class='ocr_line' id='line_1_14' title="bbox 230 1216 1678 1268; baseline 0.004 -16"><span class='ocrx_word' id='word_1_110' title='bbox 230 1226 330 1265; x_wconf 85' lang='lat' dir='ltr'><strong>quas</strong></span> <span class='ocrx_word' id='word_1_111' title='bbox 357 1220 495 1266; x_wconf 88' lang='lat' dir='ltr'><strong>partes</strong></span> <span class='ocrx_word' id='word_1_112' title='bbox 523 1219 719 1266; x_wconf 79' lang='lat' dir='ltr'><strong>sequutus</strong></span> <span class='ocrx_word' id='word_1_113' title='bbox 755 1218 828 1265; x_wconf 84' lang='lat' dir='ltr'><strong>sit,</strong></span> <span class='ocrx_word' id='word_1_114' title='bbox 871 1230 920 1256; x_wconf 81' lang='lat' dir='ltr'><strong>ex</strong></span> <span class='ocrx_word' id='word_1_115' title='bbox 949 1229 998 1256; x_wconf 91' lang='lat' dir='ltr'><strong>eo</strong></span> <span class='ocrx_word' id='word_1_116' title='bbox 1027 1217 1123 1256; x_wconf 86' lang='lat' dir='ltr'><strong>satis</strong></span> <span class='ocrx_word' id='word_1_117' title='bbox 1161 1216 1421 1268; x_wconf 78' lang='lat' dir='ltr'><strong>intelligitur,</strong></span> <span class='ocrx_word' id='word_1_118' title='bbox 1462 1218 1571 1268; x_wconf 90' lang='lat' dir='ltr'><strong>quod</strong></span> <span class='ocrx_word' id='word_1_119' title='bbox 1598 1219 1678 1259; x_wconf 84' lang='lat' dir='ltr'><strong>La·-</strong></span> 
     </span>
     <span class='ocr_line' id='line_1_15' title="bbox 231 1291 1677 1347; baseline 0.004 -17"><span class='ocrx_word' id='word_1_120' title='bbox 231 1291 586 1331; x_wconf 85' lang='lat' dir='ltr'><strong>cedaemoniorum</strong></span> <span class='ocrx_word' id='word_1_121' title='bbox 615 1305 820 1344; x_wconf 81' lang='lat' dir='ltr'><strong>proxenus</strong></span> <span class='ocrx_word' id='word_1_122' title='bbox 861 1292 992 1333; x_wconf 86' lang='lat' dir='ltr'><strong>fuisse</strong></span> <span class='ocrx_word' id='word_1_123' title='bbox 1021 1293 1262 1346; x_wconf 87' lang='lat' dir='ltr'><strong>perhibetur</strong></span> <span class='ocrx_word' id='word_1_124' title='bbox 1290 1294 1397 1345; x_wconf 86' lang='lat' dir='ltr'><strong>apud</strong></span> <span class='ocrx_word' id='word_1_125' title='bbox 1425 1295 1677 1347; x_wconf 86' lang='lat' dir='ltr'><strong>Xenophon-</strong></span> 
     </span>
     <span class='ocr_line' id='line_1_16' title="bbox 231 1369 1676 1421; baseline 0.006 -15"><span class='ocrx_word' id='word_1_126' title='bbox 231 1371 317 1407; x_wconf 86' lang='lat' dir='ltr'><strong>tem</strong></span> <span class='ocrx_word' id='word_1_127' title='bbox 347 1370 473 1409; x_wconf 82' lang='lat' dir='ltr'><strong>Conv.</strong></span> <span class='ocrx_word' id='word_1_128' title='bbox 502 1370 601 1410; x_wconf 89' lang='lat' dir='ltr'>VIII</span> <span class='ocrx_word' id='word_1_129' title='bbox 631 1370 685 1409; x_wconf 79' lang='lat'><strong>39</strong></span> <span class='ocrx_word' id='word_1_130' title='bbox 715 1373 756 1408; x_wconf 90' lang='lat' dir='ltr'><strong>et</strong></span> <span class='ocrx_word' id='word_1_131' title='bbox 780 1369 942 1410; x_wconf 86' lang='lat' dir='ltr'><strong>Hellen.</strong></span> <span class='ocrx_word' id='word_1_132' title='bbox 973 1371 1010 1412; x_wconf 92' lang='lat' dir='ltr'><strong>V</strong></span> <span class='ocrx_word' id='word_1_133' title='bbox 1038 1370 1066 1411; x_wconf 86' lang='lat'>4</span> <span class='ocrx_word' id='word_1_134' title='bbox 1095 1371 1162 1410; x_wconf 77' lang='lat'><strong>22.</strong></span> <span class='ocrx_word' id='word_1_135' title='bbox 1192 1371 1249 1411; x_wconf 91' lang='lat' dir='ltr'><strong>VI</strong></span> <span class='ocrx_word' id='word_1_136' title='bbox 1277 1371 1304 1409; x_wconf 99' lang='lat'><strong>3</strong></span> <span class='ocrx_word' id='word_1_137' title='bbox 1331 1371 1371 1410; x_wconf 85' lang='lat'><strong>4.</strong></span> <span class='ocrx_word' id='word_1_138' title='bbox 1403 1373 1493 1421; x_wconf 76' lang='lat' dir='ltr'><strong>Quo</strong></span> <span class='ocrx_word' id='word_1_139' title='bbox 1522 1372 1676 1414; x_wconf 82' lang='lat' dir='ltr'><strong>factum</strong></span> 
     </span>
     <span class='ocr_line' id='line_1_17' title="bbox 230 1446 1674 1499; baseline 0.005 -15"><span class='ocrx_word' id='word_1_140' title='bbox 230 1447 294 1484; x_wconf 86' lang='lat' dir='ltr'><strong>est</strong></span> <span class='ocrx_word' id='word_1_141' title='bbox 337 1450 385 1484; x_wconf 90' lang='lat' dir='ltr'><strong>ut</strong></span> <span class='ocrx_word' id='word_1_142' title='bbox 427 1446 640 1497; x_wconf 85' lang='lat' dir='ltr'><strong>aliquoties</strong></span> <span class='ocrx_word' id='word_1_143' title='bbox 677 1447 864 1498; x_wconf 86' lang='lat' dir='ltr'><strong>Spartam</strong></span> <span class='ocrx_word' id='word_1_144' title='bbox 902 1448 1014 1499; x_wconf 87' lang='lat' dir='ltr'><strong>pacis</strong></span> <span class='ocrx_word' id='word_1_145' title='bbox 1055 1448 1332 1487; x_wconf 85' lang='lat' dir='ltr'><strong>conciliandae</strong></span> <span class='ocrx_word' id='word_1_146' title='bbox 1376 1461 1495 1489; x_wconf 85' lang='lat' dir='ltr'><strong>causa</strong></span> <span class='ocrx_word' id='word_1_147' title='bbox 1528 1452 1674 1491; x_wconf 84' lang='lat' dir='ltr'><strong>missus</strong></span> 
     </span>
     <span class='ocr_line' id='line_1_18' title="bbox 229 1521 1674 1578; baseline 0.006 -19"><span class='ocrx_word' id='word_1_148' title='bbox 229 1521 302 1570; x_wconf 86' lang='lat' dir='ltr'><strong>sit,</strong></span> <span class='ocrx_word' id='word_1_149' title='bbox 339 1535 418 1574; x_wconf 88' lang='lat' dir='ltr'><strong>qua</strong></span> <span class='ocrx_word' id='word_1_150' title='bbox 458 1523 509 1563; x_wconf 93' lang='lat' dir='ltr'><strong>de</strong></span> <span class='ocrx_word' id='word_1_151' title='bbox 538 1537 584 1563; x_wconf 89' lang='lat' dir='ltr'><strong>re</strong></span> <span class='ocrx_word' id='word_1_152' title='bbox 621 1525 710 1576; x_wconf 88' lang='lat' dir='ltr'><strong>ipse</strong></span> <span class='ocrx_word' id='word_1_153' title='bbox 740 1525 955 1576; x_wconf 79' lang='lat' dir='ltr'><strong>magnifice</strong></span> <span class='ocrx_word' id='word_1_154' title='bbox 983 1526 1182 1578; x_wconf 86' lang='lat' dir='ltr'><strong>gloriatur</strong></span> <span class='ocrx_word' id='word_1_155' title='bbox 1221 1525 1327 1576; x_wconf 91' lang='lat' dir='ltr'><strong>apud</strong></span> <span class='ocrx_word' id='word_1_156' title='bbox 1359 1525 1674 1577; x_wconf 88' lang='lat' dir='ltr'><strong>Xenophontem</strong></span> 
     </span>
     <span class='ocr_line' id='line_1_19' title="bbox 231 1599 1674 1656; baseline 0.004 -18"><span class='ocrx_word' id='word_1_157' title='bbox 231 1599 341 1640; x_wconf 86' lang='lat' dir='ltr'><strong>Hell.</strong></span> <span class='ocrx_word' id='word_1_158' title='bbox 372 1601 428 1642; x_wconf 94' lang='lat' dir='ltr'><strong>VI</strong></span> <span class='ocrx_word' id='word_1_159' title='bbox 458 1602 484 1640; x_wconf 88' lang='lat'><strong>3</strong></span> <span class='ocrx_word' id='word_1_160' title='bbox 513 1602 554 1641; x_wconf 82' lang='lat'><strong>4.</strong></span> <span class='ocrx_word' id='word_1_161' title='bbox 619 1603 729 1653; x_wconf 80' lang='lat' dir='ltr'><strong>Quas</strong></span> <span class='ocrx_word' id='word_1_162' title='bbox 759 1601 985 1654; x_wconf 84' lang='lat' dir='ltr'><strong>legationes</strong></span> <span class='ocrx_word' id='word_1_163' title='bbox 1026 1615 1105 1653; x_wconf 90' lang='lat' dir='ltr'><strong>quo</strong></span> <span class='ocrx_word' id='word_1_164' title='bbox 1145 1606 1332 1653; x_wconf 89' lang='lat' dir='ltr'><strong>tempore</strong></span> <span class='ocrx_word' id='word_1_165' title='bbox 1373 1603 1520 1642; x_wconf 89' lang='lat' dir='ltr'><strong>obierit</strong></span> <span class='ocrx_word' id='word_1_166' title='bbox 1558 1604 1674 1656; x_wconf 82' lang='lat' dir='ltr'><strong>igno-</strong></span> 
     </span>
     <span class='ocr_line' id='line_1_20' title="bbox 231 1678 1678 1731; baseline 0.005 -16"><span class='ocrx_word' id='word_1_167' title='bbox 231 1689 389 1726; x_wconf 83' lang='lat' dir='ltr'><strong>ramus,</strong></span> <span class='ocrx_word' id='word_1_168' title='bbox 425 1678 501 1718; x_wconf 87' lang='lat' dir='ltr'><strong>nisi</strong></span> <span class='ocrx_word' id='word_1_169' title='bbox 532 1679 640 1730; x_wconf 90' lang='lat' dir='ltr'><strong>quod</strong></span> <span class='ocrx_word' id='word_1_170' title='bbox 667 1682 875 1731; x_wconf 81' lang='lat' dir='ltr'><strong>postrema</strong></span> <span class='ocrx_word' id='word_1_171' title='bbox 910 1679 953 1719; x_wconf 91' lang='lat' dir='ltr'><strong>in</strong></span> <span class='ocrx_word' id='word_1_172' title='bbox 984 1680 1146 1731; x_wconf 85' lang='lat' dir='ltr'><strong>Olymp.</strong></span> <span class='ocrx_word' id='word_1_173' title='bbox 1176 1679 1251 1719; x_wconf 87' lang='lat' dir='ltr'><strong>CII</strong></span> <span class='ocrx_word' id='word_1_174' title='bbox 1280 1680 1307 1718; x_wconf 78' lang='lat'><em>2</em></span> <span class='ocrx_word' id='word_1_175' title='bbox 1344 1679 1498 1719; x_wconf 87' lang='lat' dir='ltr'><strong>incidit.</strong></span> <span class='ocrx_word' id='word_1_176' title='bbox 1561 1681 1678 1722; x_wconf 81' lang='lat' dir='ltr'><strong>Eun-</strong></span> 
     </span>
     <span class='ocr_line' id='line_1_21' title="bbox 230 1752 1674 1808; baseline 0.005 -17"><span class='ocrx_word' id='word_1_177' title='bbox 230 1752 324 1792; x_wconf 88' lang='lat' dir='ltr'><strong>dem</strong></span> <span class='ocrx_word' id='word_1_178' title='bbox 353 1755 480 1806; x_wconf 85' lang='lat' dir='ltr'><strong>priori</strong></span> <span class='ocrx_word' id='word_1_179' title='bbox 509 1760 693 1808; x_wconf 90' lang='lat' dir='ltr'><strong>tempore</strong></span> <span class='ocrx_word' id='word_1_180' title='bbox 723 1769 814 1796; x_wconf 90' lang='lat' dir='ltr'><strong>cum</strong></span> <span class='ocrx_word' id='word_1_181' title='bbox 846 1756 1051 1808; x_wconf 78' lang='lat' dir='ltr'><strong>iphicrate</strong></span> <span class='ocrx_word' id='word_1_182' title='bbox 1078 1756 1121 1795; x_wconf 89' lang='lat' dir='ltr'><strong>in</strong></span> <span class='ocrx_word' id='word_1_183' title='bbox 1141 1756 1250 1795; x_wconf 90' lang='lat' dir='ltr'><strong>bello</strong></span> <span class='ocrx_word' id='word_1_184' title='bbox 1267 1756 1527 1796; x_wconf 85' lang='lat' dir='ltr'><strong>Corinthiaco</strong></span> <span class='ocrx_word' id='word_1_185' title='bbox 1558 1770 1674 1798; x_wconf 83' lang='lat' dir='ltr'><strong>exer-</strong></span> 
     </span>
     <span class='ocr_line' id='line_1_22' title="bbox 231 1830 1702 1886; baseline 0.005 -18"><span class='ocrx_word' id='word_1_186' title='bbox 231 1830 334 1869; x_wconf 90' lang='lat' dir='ltr'><strong>citus</strong></span> <span class='ocrx_word' id='word_1_187' title='bbox 364 1836 598 1883; x_wconf 88' lang='lat' dir='ltr'><strong>praetorem</strong></span> <span class='ocrx_word' id='word_1_188' title='bbox 627 1833 757 1874; x_wconf 87' lang='lat' dir='ltr'><strong>fuisse</strong></span> <span class='ocrx_word' id='word_1_189' title='bbox 795 1837 952 1874; x_wconf 84' lang='lat' dir='ltr'><strong>constat</strong></span> <span class='ocrx_word' id='word_1_190' title='bbox 981 1846 1004 1872; x_wconf 89' lang='lat' dir='ltr'><strong>e</strong></span> <span class='ocrx_word' id='word_1_191' title='bbox 1031 1833 1307 1886; x_wconf 85' lang='lat' dir='ltr'><strong>Xenophonte</strong></span> <span class='ocrx_word' id='word_1_192' title='bbox 1336 1833 1448 1874; x_wconf 87' lang='lat' dir='ltr'><strong>Hell.</strong></span> <span class='ocrx_word' id='word_1_193' title='bbox 1478 1834 1536 1876; x_wconf 94' lang='lat' dir='ltr'><strong>IV</strong></span> <span class='ocrx_word' id='word_1_194' title='bbox 1563 1835 1590 1875; x_wconf 88' lang='grc'><em>5</em></span> <span class='ocrx_word' id='word_1_195' title='bbox 1619 1836 1674 1875; x_wconf 85' lang='grc'><strong>13</strong></span> <span class='ocrx_word' id='word_1_196' title='bbox 1698 1843 1702 1860; x_wconf 78' lang='grc'><strong>’-</strong></span> 
     </span>
     <span class='ocr_line' id='line_1_23' title="bbox 230 1905 1702 1961; baseline 0.005 -16"><span class='ocrx_word' id='word_1_197' title='bbox 230 1911 271 1945; x_wconf 88' lang='lat' dir='ltr'><strong>et</strong></span> <span class='ocrx_word' id='word_1_198' title='bbox 308 1908 508 1960; x_wconf 86' lang='lat' dir='ltr'><strong>IIarpocr.</strong></span> <span class='ocrx_word' id='word_1_199' title='bbox 549 1925 581 1951; x_wconf 87' lang='lat' dir='ltr'><strong>s.</strong></span> <span class='ocrx_word' id='word_1_200' title='bbox 621 1925 658 1951; x_wconf 86' lang='lat' dir='ltr'><strong>v.</strong></span> <span class='ocrx_word' id='word_1_201' title='bbox 696 1905 870 1961; x_wconf 76' lang='grc' dir='ltr'><strong>ξενικόν.</strong></span> <span class='ocrx_word' id='word_1_202' title='bbox 941 1910 1124 1950; x_wconf 88' lang='lat' dir='ltr'><strong>Daduchi</strong></span> <span class='ocrx_word' id='word_1_203' title='bbox 1161 1923 1329 1950; x_wconf 88' lang='lat' dir='ltr'><strong>munere</strong></span> <span class='ocrx_word' id='word_1_204' title='bbox 1368 1910 1412 1949; x_wconf 91' lang='lat' dir='ltr'><strong>in</strong></span> <span class='ocrx_word' id='word_1_205' title='bbox 1451 1912 1670 1952; x_wconf 84' lang='lat' dir='ltr'><strong>Galliarum</strong></span> <span class='ocrx_word' id='word_1_206' title='bbox 1691 1928 1702 1935; x_wconf 50' lang='lat'><strong><em>⁴</em></strong></span> 
     </span>
     <span class='ocr_line' id='line_1_24' title="bbox 230 1983 1701 2040; baseline 0.006 -18"><span class='ocrx_word' id='word_1_207' title='bbox 230 1983 380 2025; x_wconf 81' lang='lat' dir='ltr'><strong>familia</strong></span> <span class='ocrx_word' id='word_1_208' title='bbox 408 2001 538 2040; x_wconf 87' lang='lat' dir='ltr'><strong>prope</strong></span> <span class='ocrx_word' id='word_1_209' title='bbox 567 1989 815 2029; x_wconf 89' lang='lat' dir='ltr'><strong>hereditario</strong></span> <span class='ocrx_word' id='word_1_210' title='bbox 853 1989 1039 2028; x_wconf 89' lang='lat' dir='ltr'><strong>functum</strong></span> <span class='ocrx_word' id='word_1_211' title='bbox 1079 1999 1170 2026; x_wconf 86' lang='lat' dir='ltr'><strong>esse</strong></span> <span class='ocrx_word' id='word_1_212' title='bbox 1209 1988 1357 2027; x_wconf 89' lang='lat' dir='ltr'><strong>docent</strong></span> <span class='ocrx_word' id='word_1_213' title='bbox 1384 1988 1615 2030; x_wconf 87' lang='lat' dir='ltr'><strong>Andocides</strong></span> <span class='ocrx_word' id='word_1_214' title='bbox 1643 1991 1671 2031; x_wconf 92' lang='lat' dir='ltr'><strong>l.</strong></span> <span class='ocrx_word' id='word_1_215' title='bbox 1699 1998 1701 2000; x_wconf 78' lang='grc'><strong>’</strong></span> 
     </span>
     <span class='ocr_line' id='line_1_25' title="bbox 227 2063 1698 2118; baseline 0.003 -16"><span class='ocrx_word' id='word_1_216' title='bbox 227 2063 254 2103; x_wconf 91' lang='grc'><strong>1.</strong></span> <span class='ocrx_word' id='word_1_217' title='bbox 293 2078 331 2116; x_wconf 88' lang='grc'><strong>11.</strong></span> <span class='ocrx_word' id='word_1_218' title='bbox 363 2066 457 2113; x_wconf 85' lang='grc'>119,</span> <span class='ocrx_word' id='word_1_219' title='bbox 493 2066 724 2118; x_wconf 86' lang='lat' dir='ltr'><strong>Xenophon</strong></span> <span class='ocrx_word' id='word_1_220' title='bbox 766 2066 878 2104; x_wconf 88' lang='lat' dir='ltr'><strong>Hell.</strong></span> <span class='ocrx_word' id='word_1_221' title='bbox 916 2065 972 2106; x_wconf 87' lang='lat' dir='ltr'><strong>VI</strong></span> <span class='ocrx_word' id='word_1_222' title='bbox 1010 2064 1036 2102; x_wconf 88' lang='lat'><strong>3</strong></span> <span class='ocrx_word' id='word_1_223' title='bbox 1066 2064 1106 2112; x_wconf 90' lang='lat'><strong>3,</strong></span> <span class='ocrx_word' id='word_1_224' title='bbox 1145 2065 1311 2105; x_wconf 85' lang='lat' dir='ltr'><strong>Conviv.</strong></span> <span class='ocrx_word' id='word_1_225' title='bbox 1352 2064 1452 2106; x_wconf 90' lang='lat' dir='ltr'>VIII</span> <span class='ocrx_word' id='word_1_226' title='bbox 1479 2065 1547 2105; x_wconf 86' lang='lat'><strong>40.</strong></span> <span class='ocrx_word' id='word_1_227' title='bbox 1610 2068 1672 2107; x_wconf 84' lang='lat' dir='ltr'><strong>De</strong></span> <span class='ocrx_word' id='word_1_228' title='bbox 1694 2093 1698 2104; x_wconf 40' lang='grc' dir='ltr'><strong>,ι</strong></span> 
     </span>
     <span class='ocr_line' id='line_1_26' title="bbox 229 2141 1697 2194; baseline 0.003 -15"><span class='ocrx_word' id='word_1_229' title='bbox 229 2144 414 2193; x_wconf 85' lang='lat' dir='ltr'><strong>tempore</strong></span> <span class='ocrx_word' id='word_1_230' title='bbox 445 2156 523 2194; x_wconf 89' lang='lat' dir='ltr'><strong>quo</strong></span> <span class='ocrx_word' id='word_1_231' title='bbox 555 2143 715 2192; x_wconf 83' lang='lat' dir='ltr'><strong>obierit,</strong></span> <span class='ocrx_word' id='word_1_232' title='bbox 743 2143 844 2182; x_wconf 88' lang='lat' dir='ltr'><strong>nihil</strong></span> <span class='ocrx_word' id='word_1_233' title='bbox 875 2143 975 2181; x_wconf 87' lang='lat' dir='ltr'><strong>certi</strong></span> <span class='ocrx_word' id='word_1_234' title='bbox 1006 2144 1174 2188; x_wconf 87' lang='lat' dir='ltr'><strong>constat,</strong></span> <span class='ocrx_word' id='word_1_235' title='bbox 1206 2142 1281 2180; x_wconf 88' lang='lat' dir='ltr'><strong>nisi</strong></span> <span class='ocrx_word' id='word_1_236' title='bbox 1302 2141 1410 2192; x_wconf 92' lang='lat' dir='ltr'><strong>quod</strong></span> <span class='ocrx_word' id='word_1_237' title='bbox 1428 2143 1550 2182; x_wconf 85' lang='lat' dir='ltr'><strong>vitam</strong></span> <span class='ocrx_word' id='word_1_238' title='bbox 1579 2156 1697 2186; x_wconf 70' lang='lat' dir='ltr'><strong>eum:</strong></span> 
     </span>
     <span class='ocr_line' id='line_1_27' title="bbox 229 2210 1696 2281; baseline 0.005 -25"><span class='ocrx_word' id='word_1_239' title='bbox 229 2219 335 2259; x_wconf 86' lang='lat' dir='ltr'><strong>ultra</strong></span> <span class='ocrx_word' id='word_1_240' title='bbox 366 2220 528 2273; x_wconf 85' lang='lat' dir='ltr'><strong>Olymp.</strong></span> <span class='ocrx_word' id='word_1_241' title='bbox 560 2221 635 2261; x_wconf 87' lang='lat' dir='ltr'><strong>CII</strong></span> <span class='ocrx_word' id='word_1_242' title='bbox 664 2222 691 2260; x_wconf 79' lang='lat'>2</span> <span class='ocrx_word' id='word_1_243' title='bbox 719 2221 960 2273; x_wconf 82' lang='lat' dir='ltr'><strong>produxisse</strong></span> <span class='ocrx_word' id='word_1_244' title='bbox 989 2231 1013 2258; x_wconf 92' lang='lat' dir='ltr'><strong>e</strong></span> <span class='ocrx_word' id='word_1_245' title='bbox 1037 2218 1312 2270; x_wconf 87' lang='lat' dir='ltr'><strong>Xenophonte</strong></span> <span class='ocrx_word' id='word_1_246' title='bbox 1339 2219 1531 2269; x_wconf 86' lang='lat' dir='ltr'><strong>vidimus,</strong></span> <span class='ocrx_word' id='word_1_247' title='bbox 1561 2222 1671 2263; x_wconf 85' lang='lat' dir='ltr'><strong>unde</strong></span> <span class='ocrx_word' id='word_1_248' title='bbox 1686 2210 1696 2281; x_wconf 14' lang='lat'><strong>&#39;³¹&#39;</strong></span> 
     </span>
     <span class='ocr_line' id='line_1_28' title="bbox 230 2294 1670 2349; baseline 0.003 -14"><span class='ocrx_word' id='word_1_249' title='bbox 230 2298 521 2349; x_wconf 86' lang='lat' dir='ltr'><strong>praegrandem</strong></span> <span class='ocrx_word' id='word_1_250' title='bbox 541 2303 638 2338; x_wconf 89' lang='lat' dir='ltr'><strong>natu</strong></span> <span class='ocrx_word' id='word_1_251' title='bbox 658 2298 865 2338; x_wconf 87' lang='lat' dir='ltr'><strong>hominem</strong></span> <span class='ocrx_word' id='word_1_252' title='bbox 895 2296 1046 2338; x_wconf 87' lang='lat' dir='ltr'><strong>obiisse</strong></span> <span class='ocrx_word' id='word_1_253' title='bbox 1074 2294 1329 2348; x_wconf 85' lang='lat' dir='ltr'><strong>intelligitur,</strong></span> <span class='ocrx_word' id='word_1_254' title='bbox 1359 2297 1468 2348; x_wconf 89' lang='lat' dir='ltr'><strong>quod</strong></span> <span class='ocrx_word' id='word_1_255' title='bbox 1495 2296 1537 2339; x_wconf 92' lang='lat' dir='ltr'><strong>in</strong></span> <span class='ocrx_word' id='word_1_256' title='bbox 1558 2303 1670 2341; x_wconf 86' lang='lat' dir='ltr'><strong>tanta</strong></span> 
     </span>
    </p>
   </div>
   <div class='ocr_carea' id='block_1_3' title="bbox 234 2432 490 2442">
    <p class='ocr_par' dir='ltr' id='par_1_3' title="bbox 234 2432 490 2442">
     <span class='ocr_line' id='line_1_29' title="bbox 234 2432 490 2442; baseline 0 748"><span class='ocrx_word' id='word_1_257' title='bbox 234 2432 490 2442; x_wconf 95' lang='lat' dir='ltr'><strong> </strong></span> 
     </span>
    </p>
   </div>
   <div class='ocr_carea' id='block_1_4' title="bbox 287 2516 1678 2735">
    <p class='ocr_par' dir='ltr' id='par_1_4' title="bbox 287 2516 1665 2732">
     <span class='ocr_line' id='line_1_30' title="bbox 287 2516 1665 2569; baseline 0.002 -14"><span class='ocrx_word' id='word_1_258' title='bbox 287 2521 356 2569; x_wconf 77' lang='lat'><strong>⁷⁸)</strong></span> <span class='ocrx_word' id='word_1_259' title='bbox 387 2520 557 2557; x_wconf 87' lang='lat' dir='ltr'><strong>Praeter</strong></span> <span class='ocrx_word' id='word_1_260' title='bbox 585 2519 686 2558; x_wconf 88' lang='lat' dir='ltr'><strong>duos</strong></span> <span class='ocrx_word' id='word_1_261' title='bbox 714 2520 813 2558; x_wconf 89' lang='lat' dir='ltr'><strong>istos</strong></span> <span class='ocrx_word' id='word_1_262' title='bbox 843 2520 965 2558; x_wconf 89' lang='lat' dir='ltr'><strong>etiam</strong></span> <span class='ocrx_word' id='word_1_263' title='bbox 995 2518 1116 2556; x_wconf 89' lang='lat' dir='ltr'><strong>alium</strong></span> <span class='ocrx_word' id='word_1_264' title='bbox 1146 2516 1233 2554; x_wconf 83' lang='lat' dir='ltr'><strong>eius</strong></span> <span class='ocrx_word' id='word_1_265' title='bbox 1262 2516 1391 2556; x_wconf 81' lang='lat' dir='ltr'><strong>filium</strong></span> <span class='ocrx_word' id='word_1_266' title='bbox 1421 2529 1665 2558; x_wconf 88' lang='lat' dir='ltr'><strong>commemo-</strong></span> 
     </span>
     <span class='ocr_line' id='line_1_31' title="bbox 337 2571 1664 2637; baseline 0.002 -26"><span class='ocrx_word' id='word_1_267' title='bbox 337 2577 400 2612; x_wconf 84' lang='lat' dir='ltr'><strong>rat</strong></span> <span class='ocrx_word' id='word_1_268' title='bbox 421 2574 712 2626; x_wconf 77' lang='lat' dir='ltr'><strong>&#39;Ilieopompus</strong></span> <span class='ocrx_word' id='word_1_269' title='bbox 734 2575 853 2637; x_wconf 85' lang='lat' dir='ltr'><strong>apud</strong></span> <span class='ocrx_word' id='word_1_270' title='bbox 865 2571 1494 2630; x_wconf 77' lang='lat' dir='ltr'><strong>Sch01.Arist0ph.Vesp.1260</strong></span> <span class='ocrx_word' id='word_1_271' title='bbox 1514 2575 1664 2625; x_wconf 76' lang='lat'>(1216)</span> 
     </span>
     <span class='ocr_line' id='line_1_32' title="bbox 328 2616 1678 2691; baseline 0.003 -26.064"><span class='ocrx_word' id='word_1_272' title='bbox 328 2616 400 2670; x_wconf 66' lang='grc'><strong>,(2,</strong></span> <span class='ocrx_word' id='word_1_273' title='bbox 430 2627 614 2691; x_wconf 57' lang='grc' dir='ltr'><strong>ποὶῐται,</strong></span> <span class='ocrx_word' id='word_1_274' title='bbox 648 2628 767 2667; x_wconf 74' lang='grc' dir='ltr'><em>δεινὰ</em></span> <span class='ocrx_word' id='word_1_275' title='bbox 796 2625 958 2682; x_wconf 78' lang='grc' dir='ltr'>πάσχω.</span> <span class='ocrx_word' id='word_1_276' title='bbox 1018 2623 1092 2672; x_wconf 76' lang='grc' dir='ltr'><strong>Τίς</strong></span> <span class='ocrx_word' id='word_1_277' title='bbox 1121 2622 1298 2674; x_wconf 64' lang='lat' dir='ltr'><strong>swVIttjg</strong></span> <span class='ocrx_word' id='word_1_278' title='bbox 1329 2622 1371 2664; x_wconf 75' lang='grc' dir='ltr'><strong>δ’</strong></span> <span class='ocrx_word' id='word_1_279' title='bbox 1389 2626 1506 2668; x_wconf 75' lang='grc' dir='ltr'><em>ἐστὶ.</em></span> <span class='ocrx_word' id='word_1_280' title='bbox 1523 2626 1678 2680; x_wconf 73' lang='grc' dir='ltr'><strong><em>,πλὴν</em></strong></span> 
     </span>
     <span class='ocr_line' id='line_1_33' title="bbox 338 2678 1479 2735; baseline 0 -14"><span class='ocrx_word' id='word_1_281' title='bbox 338 2678 408 2735; x_wconf 73' lang='grc' dir='ltr'><strong>ἄρ’</strong></span> <span class='ocrx_word' id='word_1_282' title='bbox 439 2696 465 2732; x_wconf 77' lang='grc' dir='ltr'><em>η</em></span> <span class='ocrx_word' id='word_1_283' title='bbox 498 2679 644 2731; x_wconf 75' lang='grc' dir='ltr'><em>Σάκας</em></span> <span class='ocrx_word' id='word_1_284' title='bbox 674 2681 697 2723; x_wconf 88' lang='grc' dir='ltr'><em>ὸ</em></span> <span class='ocrx_word' id='word_1_285' title='bbox 731 2683 884 2730; x_wconf 79' lang='grc' dir='ltr'><strong><em>Μυσὸς</em></strong></span> <span class='ocrx_word' id='word_1_286' title='bbox 913 2683 986 2722; x_wconf 81' lang='grc' dir='ltr'><strong>καὶ</strong></span> <span class='ocrx_word' id='word_1_287' title='bbox 1015 2678 1065 2721; x_wconf 84' lang='grc' dir='ltr'><strong>τὸ</strong></span> <span class='ocrx_word' id='word_1_288' title='bbox 1100 2678 1293 2721; x_wconf 81' lang='grc' dir='ltr'><em>Καλλίου</em></span> <span class='ocrx_word' id='word_1_289' title='bbox 1322 2680 1479 2725; x_wconf 74' lang='grc' dir='ltr'>νόθον.</span> 
     </span>
    </p>
   </div>
  </div>
 </body>
</html>
