1702 3190
12 133 19 188 J
671 139 871 168 cunutus.
1418 128 1506 168 359

12 211 111 304 'bus
141 239 244 281 adde
273 238 424 285 Athen.
454 239 491 278 11
522 252 563 291 p.
594 237 649 279 65
662 251 698 288 c,
734 237 807 278 ubi
841 238 913 290 qui
942 239 1107 278 Enbulo
1146 240 1384 283 tribuuntur
1413 254 1503 281 ver-

12 305 105 370 sssue
134 333 183 361 ex
211 319 392 372 Ephippi
424 319 620 372 Geryone
649 318 878 358 afferuntur
906 317 977 356 lib.
1011 318 1065 356 {x
1097 332 1137 370 p.
1168 319 1252 358 370
1269 319 1308 359 d.

11 395 16 448 ἱ
108 437 109 440 ,
145 398 321 441 Fabulae
359 397 568 438 Eubulum
600 398 747 438 Suidas
787 398 952 436 centum
994 398 1036 434 et
1081 400 1276 446 quattuor
1306 397 1506 437 docuisse

5 452 228 522 licentur:
266 472 438 527 ἐδίδαξε
471 471 676 529 δράματα
705 469 785 527 (ιδ’.
862 475 923 514 Ita
961 473 1068 513 enim
1099 478 1214 514 recte
1244 476 1449 516 Kusterus
1477 491 1503 517 e

31 558 152 602 codd.
181 556 348 610 scripsit
375 569 452 609 pro
481 551 560 604 κδ’,
597 553 707 606 quod
737 566 783 592 re
821 553 911 604 ipsa
940 553 1038 592 satis
1076 553 1304 603 refellitur,
1346 554 1381 593 si
1411 555 1500 607 qui·

9 626 123 696 {dem
153 636 366 677 titulorum
395 634 447 674 ad
477 637 657 683 nostram
688 632 927 671 memoriam
946 635 1268 684 propagatorum
1300 645 1499 675 numerus

0 691 418 767 ¹¹lquinquagenarium
447 711 620 752 excedit.
654 710 744 750 Hos
774 711 901 764 igitur
918 710 1116 763 deinceps
1148 712 1495 754 enumerabimus.

130 784 453 843 Ἀγκυλίων.4
527 790 737 831 Laudatur
779 789 994 829 Athenaeo
1037 790 1096 830 IX
1136 804 1180 844 p.
1208 791 1291 831 369
1307 791 1349 831 d.
1396 792 1497 834 XIV

20 882 63 923 Ρ.
92 870 174 911 646
187 871 228 912 b.
266 870 343 912 XV
373 883 416 924 p.
449 870 531 910 668
545 869 585 918 d,
622 869 693 909 ubi
725 868 794 920 qui
832 869 1030 909 asservati
1070 873 1167 909 sunt
1204 884 1348 910 versus
1379 875 1494 911 nata-

18 949 112 993 licta
147 950 267 1003 pueri
313 950 355 990 in
391 949 531 989 fabula
577 949 830 989 celebratum
876 947 1010 988 fuisse
1056 948 1220 989 docent.
1293 950 1493 991 Eiusdem

17 1028 126 1069 tituli
169 1029 385 1068 comoedia
429 1029 625 1069 tribuitur
665 1028 844 1070 Alexidi.
909 1028 1184 1068 Scholiastam
1222 1029 1491 1083 Aristophani.

16 1106 143 1160 vesp.
184 1108 295 1148 1217
338 1108 510 1159 (1173)
553 1108 589 1148 si
632 1108 749 1160 sequi
790 1107 909 1158 licet,
954 1107 1180 1160 suspiceris
1220 1109 1491 1161 Ancylionem

13 1185 146 1227 istum·
168 1186 442 1239 Phidippidae
471 1187 762 1240 Aristophanei
801 1187 979 1227 similem
1017 1170 1150 1226 fuisse
1178 1201 1313 1239 eoque
1340 1189 1495 1241 impie-

11 1265 108 1310 tatis
135 1278 400 1318 progressum
432 1279 537 1316 esse,
567 1272 613 1313 ut
642 1267 762 1307 matri
792 1267 966 1305 verbera
997 1267 1248 1307 intenderet.
1286 1269 1357 1308 Sic
1375 1269 1486 1310 enim

10 1344 84 1389 ille
122 1345 285 1386 scribit:
323 1339 347 1384 ὁ
377 1341 651 1398 Καρδοπίων
691 1345 768 1395 (ab
798 1345 1078 1397 Aristophane
1109 1348 1485 1398 commemoratus)

9 1422 219 1478 §mm-503.
279 1419 482 1478 οὐδαμοῦ
522 1420 807 1479 κωμῳδεῖται.
876 1417 986 1462 ἀλλ’
1024 1419 1276 1477 Ἀγκυλίων
1311 1422 1384 1463 ἐπὶ
1425 1422 1484 1482 τῷ
1567 1475 1569 1480 y

9 1499 91 1554 τὴν
123 1501 291 1557 μητέρα
333 1501 474 1551 κακῶς
503 1500 776 1543 διατιθέναι.
835 1504 998 1556 Quibus
1029 1505 1167 1545 verbis
1195 1518 1295 1545 sane
1325 1503 1377 1544 ad
1406 1518 1482 1545 no-

30 1586 139 1624 trum
167 1583 436 1635 Ancylionem
466 1584 676 1636 respicere
704 1582 882 1623 ridetur.

120 1662 318 1715 Sequitur
339 1656 606 1716 Ἀγχίσης
634 1663 698 1702 bis
728 1666 953 1702 memorata
984 1675 1007 1701 a
1038 1662 1211 1702 Polluce
1240 1662 1310 1702 lib.
1335 1662 1393 1702 VI
1424 1662 1480 1701 10

7 1746 55 1785 et
78 1741 136 1783 lx
165 1742 234 1783 76.
269 1742 316 1783 In
342 1735 670 1797 Ἀμαλθείᾳ
700 1741 896 1782 Herculis
926 1743 1148 1783 esurientis
1177 1746 1316 1795 partes
1345 1741 1478 1780 fuisse

36 1825 130 1862 ocet
166 1821 334 1885 unicum
377 1823 486 1874 quod
525 1836 574 1863 ex
605 1836 654 1863 ea
682 1821 822 1862 sabula
851 1826 1058 1862 servatum
1097 1826 1160 1862 est
1198 1822 1477 1874 fragmentum

53 1900 112 1943 'ud
127 1900 275 1943 Athen.
292 1900 331 1941 11
357 1915 401 1955 Ρ.
430 1903 484 1943 63
498 1902 539 1944 d.
596 1894 1046 1953 Ἀνασωζόμενοι
1076 1902 1298 1941 laudantur
1322 1900 1475 1940 Athen.

0 1979 103 2032 *vlu
131 1993 172 2033 Ρ.
203 1980 337 2022 340d.
405 1982 453 2022 In
491 1975 791 2036 Ἀντιόπῃ,
828 1992 908 2032 qua
940 1982 1229 2034 cognominem
1259 1979 1474 2032 Euripidis

0 2055 181 2100 'fabulam
210 2060 358 2100 lusisse
387 2061 572 2112 videtur,
607 2061 718 2102 ridet
746 2056 1034 2114 πολυφαγίαν
1064 2061 1386 2107 Thebanorum,
1423 2061 1473 2098 ut

0 2141 173 2189 apparet
201 2150 251 2176 ex
278 2139 493 2180 Athenaeo
522 2140 562 2180 X
597 2154 639 2192 p.
669 2141 806 2180 4171).
874 2141 1062 2180 Eandem
1101 2141 1152 2179 ad
1181 2142 1321 2192 partes
1349 2140 1471 2178 vocat

0 2215 213 2259 lAnttattio.
241 2227 285 2268 Ρ.
314 2217 397 2256 102
427 2218 496 2258 33.
528 2218 607 2257 111
637 2219 690 2258 21
722 2221 763 2257 et
777 2217 1074 2270 Aristophanes
1102 2219 1328 2272 Byzantius
1357 2215 1486 2269 apudv

0 2292 263 2338 Eustathium
291 2295 345 2336 ad
372 2296 498 2337 Hom.
527 2309 570 2349 p.
602 2295 713 2337 1915
742 2297 812 2345 21,
852 2296 923 2336 ubi
951 2291 1180 2348 Εὔβουλος
1208 2310 1285 2351 pro
1314 2291 1468 2336 Εὔπο-

0 2370 74 2420 ιλιᾳ
104 2373 366 2417 scribendum
402 2388 495 2416 esse
529 2376 610 2415 iam
636 2376 728 2416 alio
766 2376 861 2416 loco
899 2377 1052 2417 monui.
1117 2377 1265 2428 Neque
1306 2390 1357 2416 ex
1385 2376 1465 2417 alia

0 2452 143 2497 fabula
177 2452 345 2494 ductum
384 2458 449 2494 est
481 2453 759 2506 fragmentum
789 2455 899 2509 apud
929 2456 1081 2495 Athen.
1113 2455 1131 2495 Ι
1171 2469 1213 2509 Ρ.
1243 2457 1356 2506 471),
1391 2456 1465 2497 ubi

0 2531 55 2572 de
76 2530 229 2573 zethu-
248 2535 292 2572 et
319 2533 564 2586 Amphione,
592 2534 796 2587 Antiopae
825 2535 934 2585 filiis,
968 2535 1116 2587 agitur.
1175 2535 1222 2576 ln
1254 2529 1461 2575 Ἀστύ-

0 2621 114 2657 τοις
149 2610 262 2662 quod
294 2617 581 2665 argumentum
619 2613 877 2663 tractaverit,
903 2619 1072 2666 praeter
1100 2614 1265 2656 titulum
1292 2614 1460 2656 fabulae

1 2687 152 2738 indicat
182 2689 297 2733 locun
326 2690 376 2741 ab
406 2691 621 2733 Athenaeo
651 2699 837 2733 servatus
867 2693 907 2734 11
936 2707 977 2748 Ρ.
1008 2695 1123 2734 69oe
