1702 3190
198 166 256 209 58
839 177 1003 208 cau-sa.

196 271 361 321 θακοὶ,
404 269 611 325 Νέμεσις,
653 268 823 326 Νόμοι,
868 267 1114 325 Ὀδυσσεΐς,
1151 275 1412 332 Πανόπται,
1455 279 1646 336 Ῑλλαία,

199 348 409 400 Πλοῦτοι,
439 348 626 400 Πυτίνῃ,
655 347 860 406 Σάτυροι,
893 351 1102 408 Σερίφιοι,
1139 353 1401 410 Τροφώνιος,
1434 357 1647 412 Χειμαζό-

192 438 334 480 μενοι,
373 424 598 481 Χείρωνες,
627 420 780 483 ἶ’.Ωράμ
851 432 991 485 Itaque
1037 434 1070 472 si
1101 446 1240 474 verum
1271 440 1332 475 est
1380 437 1488 487 quod
1525 450 1648 489 supra

195 506 255 545 de
284 506 439 546 Cratini
465 507 694 547 fabularum
726 520 897 549 numero
928 510 1113 558 diximus,
1144 524 1196 551 ne
1226 525 1332 552 nunc
1363 514 1524 564 quidem
1554 528 1648 555 area

200 587 448 637 perpurgata
487 589 561 627 est.
625 580 814 639 Σάτυροι
851 590 893 625 et
932 582 1247 638 Χειμαζόμειόι
1282 603 1362 630 non
1403 599 1648 632 commemo-

201 663 343 699 rantur
379 661 458 700 nisi
493 662 535 701 in
571 662 797 703 didascaliis
826 665 1019 715 Equitum
1058 669 1099 703 et
1127 665 1469 717 Acharnensium,
1507 669 1649 708 viden-

201 740 351 788 turque
379 738 459 777 iam
489 741 775 790 antiquissimis
806 742 1055 793 temporibus
1084 742 1351 783 intercidisse.
1391 745 1532 796 Itaque
1555 758 1648 797 pro-

195 814 338 853 babile
369 819 431 853 est
459 815 603 855 harum
639 817 868 858 fabularum
903 820 946 859 in
977 819 1211 859 definiendo
1243 822 1526 861 Cratineorum
1558 823 1648 862 dra.-

202 893 355 931 matum
390 903 559 930 numero
598 896 759 933 veteres
796 897 1078 946 grammaticos
1115 897 1266 937 nullam
1306 898 1497 938 habuisse
1525 900 1650 939 ratio-

197 979 312 1007 nem.
383 967 569 1019 Denique
604 968 839 1011 Didascaliis
878 973 943 1012 vel
987 974 1097 1015 tituli
1141 975 1354 1015 insolentia
1393 977 1650 1029 corruptelae

197 1045 478 1096 suspicionem
507 1051 644 1084 movet
671 1048 961 1098 gravissimam.

315 1123 419 1161 Cum
457 1122 622 1161 Cratino
659 1124 937 1165 CRATETIS
973 1125 1181 1166 historiam
1221 1128 1524 1180 coniungimus,
1571 1140 1651 1180 quo

202 1198 368 1239 nomine
403 1198 550 1238 Suidas
602 1199 704 1240 duos
742 1207 1031 1244 commemorat
1069 1208 1210 1254 poetas
1255 1206 1445 1246 comicos.
1515 1206 1652 1247 Verba

201 1276 308 1317 haec
336 1277 452 1315 sunt:
1063 1277 1065 1280 “

315 1346 506 1405 Κράτης,
532 1347 794 1403 Ἀθηναῖος,
822 1350 1017 1407 κωμικός,
1048 1346 1099 1395 οὗ
1127 1346 1181 1405 ἦν
1194 1352 1383 1412 ἀδελφὸς
1408 1354 1650 1415 Ἐπίλυκος,

203 1427 383 1479 ποιητὴς
411 1428 538 1471 ἐπῶν,
584 1427 787 1484 δράματα
817 1428 953 1475 αὐτοῦ
979 1428 1090 1474 εἰσὶν
1118 1429 1172 1483 ζ’.
1230 1434 1264 1474 Ι
1266 1432 1434 1484 ἒίτονες,
1456 1429 1650 1490 (Ἠρωες,

205 1504 373 1561 Θηριά,
402 1503 579 1560 Λάμια,
609 1507 831 1561 Πεδῆται,
859 1506 1035 1564 Σάμιοι.
1078 1498 1265 1567 ’ἔγραψε
1295 1512 1339 1554 δὲ
1367 1513 1442 1555 καὶ
1467 1512 1654 1554 καταλο-

204 1581 349 1638 γάδην
376 1580 487 1626 τινά.

319 1657 515 1715 Κράτης,
553 1657 825 1711 Ἀθηναῖος,
862 1661 1046 1716 κωμικὸς
1075 1662 1214 1720 ἔτερος
1242 1668 1349 1718 (hoc
1378 1664 1514 1721 ἔτερος
1540 1671 1655 1708 recte

203 1742 354 1785 omittit
384 1741 474 1781 cod.
506 1742 561 1792 A)
591 1740 666 1780 καὶ
694 1736 826 1788 αὐτὸς
852 1740 927 1791 τῆς
956 1738 1139 1796 ἀρχαίας
1163 1741 1405 1800 κωμῳδίας.
1481 1744 1657 1799 φέρεται

204 1815 344 1859 αὐτοῦ
374 1815 576 1872 δράματα
607 1815 718 1872 τρία,
753 1816 991 1873 (θησαυρός,
1014 1817 1239 1874 ”()ρνιθές,
1275 1819 1557 1876 Φιλάργυρος.

317 1898 400 1938 Sed
429 1899 507 1938 hoc
534 1899 656 1937 inane
685 1902 748 1937 est
776 1899 1027 1950 grammatici
1058 1904 1330 1939 commentum
1364 1902 1447 1952 ²⁹).
1514 1903 1654 1943 Unum

205 1980 362 2016 tantum
403 1979 444 2014 et
472 1982 586 2016 recte
615 1977 779 2028 quidem
807 1976 916 2015 inter
942 1977 1120 2028 reliquos
1151 1979 1334 2019 Cratetas
1364 1982 1655 2019 commemorat

205 2055 412 2105 Diogenes
455 2055 590 2096 Laert.
628 2054 698 2102 lV,
728 2054 796 2092 23.
860 2054 1015 2093 Eadem
1053 2067 1156 2106 quae
1191 2057 1337 2096 Suidas
1379 2057 1491 2095 dedit
1529 2057 1654 2098 habet

206 2133 328 2172 etiam
357 2134 515 2173 Eudoc.
553 2145 594 2185 Ρ.
625 2132 721 2180 271,
751 2131 829 2171 nisi
867 2132 975 2183 quod
1004 2133 1127 2172 verba
1157 2128 1319 2187 ἔγραψε
1347 2130 1392 2172 δὲ
1421 2133 1496 2172 καὶ
1521 2145 1657 2172 κοιτα-

204 2206 402 2262 λογάδην
431 2205 547 2257 τινά,
587 2222 691 2261 quae
722 2210 866 2252 Suidas
897 2210 949 2248 de
978 2210 1057 2249 alio
1089 2211 1263 2262 quodam
1292 2213 1457 2251 Cratete
1485 2213 1655 2265 legerat,

204 2290 369 2329 omittit.
431 2288 493 2329 De
529 2289 702 2340 Epilyco
741 2291 864 2339 poeta
903 2289 1018 2340 epico
1055 2289 1123 2340 qui
1149 2293 1312 2341 praeter
1341 2290 1507 2330 Suidam
1534 2290 1656 2331 tradi-

208 2367 316 2405 derit
353 2367 449 2406 novi
483 2368 702 2407 neminem.
771 2367 964 2411 Athene
996 2368 1180 2410 novimus
1208 2367 1424 2420 Epilycum
1453 2369 1656 2419 antiquae,
1701 2398 1702 2401 η

242 2511 314 2560 ²⁹)
361 2511 407 2550 In
455 2510 519 2550 his
565 2511 853 2556 assentientem
891 2511 1016 2563 habui
1051 2509 1347 2551 Bernhardium
1393 2509 1444 2548 ad
1488 2510 1602 2550 Suid.
1638 2511 1658 2550 1
1700 2514 1702 2526 ²

322 2579 362 2617 p.
381 2566 478 2614 394,
509 2579 589 2605 non
619 2566 716 2605 item
732 2567 1004 2607 Fritzschium
1035 2568 1197 2617 quaest.
1228 2565 1436 2617 Aristoph.
1467 2565 1485 2604 Ι
1514 2579 1554 2618 p.
1575 2566 1656 2605 239
1700 2583 1701 2595 π

323 2626 562 2672 argumento
604 2634 745 2671 usum,
790 2627 836 2663 ut
879 2623 979 2662 mihi
1021 2622 1184 2674 quidem
1222 2622 1403 2671 videtur,
1441 2635 1521 2662 non
1559 2623 1657 2662 satis

322 2677 485 2717 idoneo.
