1702 3190
673 139 889 169 (suumne.
1457 125 1515 164 49

2 224 4 277 }
30 248 171 292 fabula
188 246 450 297 desumptum
470 243 682 283 verissime
711 240 870 283 monuit
898 239 1087 280 Meierus
1122 240 1166 280 in
1194 239 1301 281 libro
1331 237 1386 278 de
1414 250 1511 277 cau·

31 339 168 368 aarum
197 324 427 366 actionibus
457 322 567 375 apud
595 321 748 362 Athen.
778 321 850 360 lib.
883 319 945 359 111
981 332 1023 371 p.
1053 319 1154 358 289.
1228 318 1411 370 Reliqua
1447 317 1512 358 fa-

31 406 153 446 bulae
182 403 412 455 fragmenta
438 402 633 454 persequi
662 413 744 440 non
773 400 898 439 huius
926 398 1009 438 loci
1040 401 1118 437 est.

141 483 321 524 Fabulas
360 481 554 520 docuisse
590 479 837 532 perhibetur
875 490 999 518 unam
1039 480 1082 516 et
1116 475 1289 527 viginti,
1332 476 1513 515 testibus

31 562 159 604 Suida
187 575 221 602 s.
250 575 292 602 v.
321 558 554 612 Κρατῖνος,
584 557 770 597 Eudocia
800 569 843 609 p.
869 557 950 596 271
985 560 1028 595 et
1057 557 1275 607 Anonymo
1308 555 1359 594 de
1392 556 1511 595 Com.

28 654 71 695 p.
101 641 253 680 XXIX.
311 636 533 678 Wielandii
582 649 699 675 error
735 636 788 675 ad
825 636 1038 688 Aristoph.
1076 636 1218 687 Equit.
1258 632 1343 672 540
1381 645 1513 671 nona-

28 720 143 772 ginta
173 731 267 757 eum
297 716 530 757 fabularum
561 719 773 754 auctorem
803 714 935 754 fuisse
965 713 1209 754 affirmantis
1236 711 1350 752 unde
1379 709 1511 750 flux'e-

25 797 82 838 rit
119 797 277 836 nescio.
348 794 574 836 Victoriam
610 788 653 833 in
693 797 911 846 poetarum
953 792 1266 840 certaminibus,
1303 790 1431 830 Snida
1468 793 1513 829 et:

25 876 212 917 Eudocia
240 874 512 929 testantibus,
543 872 685 911 novies
716 873 967 924 reportavit,
1003 873 1130 923 idque
1159 864 1432 923 παμψηᾳεί,
1462 871 1512 909 ut

25 956 82 995 ait
110 953 251 995 Schol.
281 952 408 992 Arist.
437 952 546 1002 Equ.
576 951 673 991 725.
722 952 941 991 Ilistrione
979 951 1046 991 cui
1087 950 1243 1003 primas
1272 949 1507 988 fabularum

25 1036 165 1086 partes
202 1031 386 1071 deferret
428 1042 527 1070 usus
566 1034 630 1070 est
660 1031 843 1080 Cratete,
874 1030 1016 1071 Schol.
1047 1030 1189 1081 Equit.
1224 1028 1325 1068 534.
1383 1028 1510 1068 com-

25 1114 292 1158 mentatores,
320 1114 368 1149 ut
396 1109 479 1148 hoc
508 1109 670 1157 addam,
698 1113 843 1148 nactus
874 1112 937 1148 est
965 1109 1121 1160 plures,
1150 1107 1192 1145 in
1213 1105 1279 1146 his
1296 1107 1512 1146 Callistra-

24 1193 127 1238 tum,
158 1189 272 1228 cuius
303 1187 345 1227 iu
379 1180 584 1240 Θρᾴττας
621 1186 803 1226 fabulam
836 1187 1177 1226 commentarium
1208 1185 1348 1224 laudat
1376 1184 1511 1224 Athe-

27 1280 157 1313 naeus
172 1266 232 1305 xl
262 1278 304 1317 p.
328 1265 414 1304 495
432 1279 468 1314 a,
500 1269 542 1304 et
571 1266 861 1317 Asclepiadem
875 1265 1154 1317 'Myrleanum‚
1185 1276 1309 1315 quem
1340 1263 1391 1302 de
1405 1262 1510 1302 Cra-

25 1346 117 1390 tino,
142 1346 462 1385 commentatum
493 1356 585 1384 esse
616 1358 666 1384 ex
697 1344 845 1384 eodem
875 1344 1092 1384 Athenaeo
1116 1344 1175 1382 XI
1216 1356 1259 1394 p.
1289 1342 1371 1380 501
1391 1355 1415 1380 e
1445 1341 1509 1380 di-

26 1425 190 1466 scimus.
247 1421 450 1462 Galenum
482 1422 642 1463 duobus
679 1422 796 1464 libris
827 1420 882 1462 τὰ
910 1418 1034 1475 παρὰ
1063 1416 1274 1476 Κρατίνῳ
1302 1416 1507 1459 πολιτικοὶ

25 1497 225 1555 ὀνόματα
262 1501 508 1552 explicuisse
545 1501 637 1553 ipse
674 1502 793 1541 testis
837 1505 901 1541 est
938 1502 981 1541 in
1020 1513 1196 1554 operum
1232 1513 1402 1539 suorum
1437 1513 1510 1538 re-

29 1595 154 1624 censu
181 1579 336 1622 v01.1V
364 1593 407 1631 p.
430 1579 458 1618 4
488 1580 581 1620 Ald.
627 1580 948 1632 Lycophronem
979 1591 1059 1631 quo
1091 1582 1260 1618 auctore
1290 1579 1508 1618 Fabricius

28 1661 136 1706 Bibl.
165 1674 228 1714 gr.
250 1662 290 1701 11
317 1671 360 1710 Ρ.
378 1658 464 1698 434
493 1660 578 1698 huc
606 1659 818 1698 rettulerit
844 1660 1107 1711 ignoramns3
1138 1670 1384 1710 quamquam
1414 1669 1506 1697 cer-

27 1742 116 1780 tum
144 1742 207 1780 est
235 1739 288 1778 de
317 1738 455 1778 multis
487 1738 775 1778 Cratinearum
812 1738 1045 1776 fabularum
1083 1737 1187 1776 locis
1219 1737 1504 1776 doctissimum

27 1818 332 1871 grammat-icum
360 1821 680 1857 commentatum
705 1830 797 1856 esse
818 1817 861 1856 in
884 1817 1003 1856 libris
1025 1817 1078 1854 de
1093 1816 1334 1855 Comoedia.
1372 1816 1507 1855 Scho-

26 1896 174 1938 h'orum
211 1897 255 1936 in
292 1897 505 1937 Cratinum
540 1897 693 1936 indicia
729 1895 932 1935 habemus
970 1895 1080 1948 apud
1116 1894 1258 1934 Schol.
1286 1894 1503 1945 Aristoph.

25 1974 149 2027 Vcsp.
169 1974 248 2014 151
279 1968 337 2012 ἕν’
356 1971 401 2012 δὲ
430 1974 520 2021 τοῖς
550 1972 648 2031 περὶ
678 1970 906 2028 Κρὰτὶνου
937 1970 1168 2028 διώρισται
1197 1973 1276 2024 (sc.
1305 1968 1530 2012 καπνίαν

25 2050 263 2107 λέγεσθαι)
293 2048 371 2091 τὸν
400 2048 631 2092 ἀπόθετον
668 2048 698 2103 ι’)
725 2052 802 2108 καὶ
839 2050 919 2092 τὸν
956 2047 1164 2093 παλαιόν.
1230 2053 1320 2092 Cfr.
1351 2051 1502 2092 Pollux

23 2131 78 2181 X,
105 2131 159 2170 64
196 2126 242 2169 ἔν
277 2142 323 2181 γε
361 2130 452 2177 τοῖς
490 2128 720 2185 Κρατίνου
759 2129 956 2187 Χείρωσι
1001 2128 1084 2181 τὴν
1124 2126 1390 2184 ἀσάμινθον
1428 2143 1499 2169 κι-

25 2203 168 2260 βωτὸν
208 2204 415 2258 νοοῦσιν,
460 2204 568 2248 ἔνιοι
610 2209 656 2250 δὲ
701 2206 895 2264 ἔκπωμα.
974 2211 1276 2258 Grammaticus
1315 2209 1498 2249 Bekkeri

21 2286 182 2328 Anecd.
210 2299 250 2338 p.
280 2286 379 2335 350,
410 2288 464 2327 17
494 2286 537 2327 οἱ
561 2286 614 2329 δὲ
642 2287 689 2328 ἐν
717 2286 778 2344 τῷ
808 2283 1003 2343 δράματι
1029 2287 1304 2340 (Drapetidas
1336 2288 1496 2328 Cratini

23 2364 152 2414 dicit)
200 2359 524 2416 ἐγερσικύβηλιν
558 2363 820 2423 γράφουσιν.
898 2368 1058 2419 Quibus
1097 2367 1205 2406 adde
1241 2379 1346 2418 quae
1383 2366 1494 2418 apud

21 2442 277 2496 Hesychium
315 2443 512 2496 leguntur
548 2458 582 2485 s.
630 2459 670 2486 v.
709 2442 1260 2500 Διονυσιοκουροπυρωνῶν
1306 2448 1350 2486 et
1388 2440 1496 2491 Διὸς

19 2517 172 2560 θᾶκοι.
215 2577 220 2583 ἢ

134 2599 344 2640 Cratinum
373 2600 415 2640 in
444 2605 532 2642 arte
562 2614 636 2642 sua
666 2603 853 2646 nonnihil
880 2602 1120 2652 innovasse,
1156 2601 1224 2642 vel
1253 2599 1344 2641 sine
1372 2604 1490 2640 vete-

21 2686 112 2721 run
139 2678 388 2730 scriptorum
417 2681 578 2721 indiciis
595 2683 812 2734 probabile
840 2686 970 2734 essen
1000 2694 1108 2723 nunc
1139 2682 1339 2722 disertum
1369 2691 1489 2719 acce-

77 2765 165 2800 nist.
189 2767 265 2802 crit.
290 2768 391 2801 Com.
419 2779 534 2811 graec.
1189 2761 1217 2798 4
