1702 3190
672 137 832 168 aunxis.
1127 175 1130 177 ,
1428 130 1513 171 3ῖὸ

41 254 83 296 p.
113 240 256 283 2371».
293 239 416 282 2441!
453 243 497 281 et
523 238 564 281 X
603 253 646 295 p.
674 239 813 291 4716,
851 250 1060 292 quumque
1095 241 1138 282 in
1178 241 1518 296 Hypobolimaeo

40 322 180 363 fabule
217 320 322 361 adeo
352 320 638 361 Ptolemaeum
670 318 988 372 Philadelphum
1026 331 1168 371 regem
1212 322 1386 376 eiusque
1417 339 1511 366 cum
1547 348 1550 350 ·

38 383 184 440 'sorore
226 394 463 452 coniugium
509 403 807 439 commemoret
843 398 954 450 apud
996 397 1147 436 Athen.
1191 399 1249 439 XI
1297 416 1335 454 p.
1366 403 1510 454 5021),

31 479 148 532 quod
178 484 274 520 ante
307 479 471 532 Olymp.
502 478 678 519 CXXIII
709 479 731 517 l
778 478 870 517 fieri
903 475 1016 516 nullo
1047 477 1170 515 modo
1203 481 1358 529 potuit,
1398 482 1510 522 hand

30 570 137 598 ¹onie
157 558 386 599 mirandum
408 561 531 606 esset,
561 557 595 598 si
613 556 703 608 qnis
721 557 762 596 in
780 569 870 595 eam
891 555 1142 595 concederet
1172 559 1433 609 sententiam,
1463 566 1509 601 ut

35 638 179 678 Alexin
210 638 250 677 in
281 651 411 679 novae
434 636 672 676 comoediae
694 635 828 688 poetis
846 633 1147 674 numerandum
1179 647 1270 674 esse
1301 644 1506 682 censeret.

35 717 156 770 Quod
199 730 322 768 quum
364 729 441 768 per
484 728 677 767 expressa
733 714 1096 767 grammaticorum
1145 715 1380 758 testimonia
1425 731 1509 760 non

28 796 175 846 ²iceat,
211 795 314 835 nihil
342 794 588 846 relinquitur
615 794 695 834 nisi
725 798 772 835 ut
807 794 1119 847 grammaticos,
1151 806 1278 846 quum
1307 797 1508 839 maiorem

68 874 213 916 Iexidis
250 873 483 914 fabularum
523 878 684 926 partem
726 874 889 914 mediae
926 872 1170 914 comoediae
1207 874 1421 927 ingenium
1464 881 1508 918 et

28 954 211 996 colorem
237 953 399 994 referre
436 953 657 1002 vidissent,
697 954 821 993 huius
851 953 990 1005 potius
1021 965 1143 1004 quam
1174 965 1307 993 novae
1337 968 1505 996 comoe-

26 1034 123 1074 *diae
151 1034 284 1087 poetis
315 1046 409 1074 eum
441 1033 741 1073 accensendum
772 1032 1028 1072 existimasse
1060 1035 1303 1073 statuamus.

140 1113 203 1153 De
238 1111 364 1152 natali
401 1124 507 1153 anno
538 1110 724 1152 Alexidis
761 1113 866 1153 nihil
906 1117 1071 1152 veteres
1110 1111 1384 1154 tradiderunt.
1451 1117 1507 1156 At

25 1192 307 1245 longissimam
336 1191 460 1231 vitam
491 1190 530 1230 ei
558 1195 726 1244 praeter
747 1192 1015 1233 Aristotelem
1047 1190 1159 1243 apud
1190 1190 1415 1233 Stobaeum
1433 1194 1514 1246 ⁷⁸)

23 1272 169 1312 tribuit
197 1270 445 1311 Plutarchus
482 1270 644 1311 Defect.
679 1272 798 1312 Orac.
837 1285 878 1324 p.
906 1271 1058 1321 420e:
1095 1261 1212 1308 οὕτω
1250 1267 1335 1325 γὰρ
1368 1266 1505 1311 Ἐπί..

22 1346 251 1407 κουρός,τε
275 1344 436 1403 χείρων
464 1344 652 1402 Ιὸργίου
683 1349 889 1405 φανεῖται
929 1347 1007 1388 τοῦ
1037 1347 1260 1404 σοφιστοῦ
1289 1349 1363 1389 καὶ
1396 1350 1502 1401 Illy]-

23 1426 243 1487 4ι’ρόδωρος
267 1423 500 1479 Ἀλέξιδος
527 1427 609 1469 τοῦ
626 1426 963 1486 κωμῳδοποιοῦ·
995 1423 1234 1469 διπλάσιον
1261 1426 1346 1485 γὰρ
1375 1420 1505 1479 οὗτος

25 1507 145 1562 ἔζησε
175 1506 254 1549 τοῦ
285 1501 603 1561 Μητροδώρου.
642 1509 707 1549 Ex
738 1520 818 1560 quo
853 1522 948 1549 eum
977 1522 1049 1548 sex
1079 1522 1205 1562 supra
1234 1514 1399 1550 centum
1430 1524 1504 1551 an-

26 1604 103 1633 nos
139 1588 412 1643 complevisse
452 1587 647 1628 efficitur.
714 1588 809 1630 vid.
851 1589 1034 1629 Clintoni
1073 1589 1187 1628 Fast.
1227 1601 1268 1641 p.
1307 1590 1391 1629 187
1428 1590 1502 1631 Kr.

20 1671 112 1712 *lam
141 1681 266 1722 quum
282 1668 474 1716 Thurios,
504 1667 613 1719 apud
644 1664 748 1719 quos
779 1672 918 1708 natum
950 1680 1041 1707 esse
1065 1667 1211 1707 Alexin
1243 1681 1266 1707 e
1288 1668 1500 1719 Suida⁷⁴)

25 1749 262 1842 docuimus,
302 1748 468 1788 circiter
504 1747 667 1800 Olymp.
700 1747 974 1788 LXXXXVII
1005 1747 1032 1786 3
1071 1759 1095 1788 a
1127 1747 1306 1787 Lucanis
1337 1746 1501 1788 deletos

18 1915 43 1933 *·
81 1906 152 1957 ¹³)
181 1903 325 1945 Floril.
345 1903 479 1946 CXVI
507 1903 561 1945 47
593 1900 639 1943 ἐκ
667 1914 756 1943 των
780 1898 1120 1968 Ἀριστοτέλους
1144 1901 1332 1959 Χρειῶν.
1355 1898 1500 1943 ’'Aste-

132 1959 196 2012 ξις
232 1959 256 2000 ὸ
294 1959 382 2000 τῶν
418 1958 656 2026 κωμῳδιῶν
693 1974 895 2010 ποιητης,
935 1959 1004 2000 ἐπ
995 1958 1084 2011 ιὸη
1122 1975 1187 2009 τις
1218 1958 1357 2002 αὑτὸν
1386 1956 1499 2001 ὄντα

134 2014 385 2072 πρεσβύτην
414 2014 526 2082 ἑώρα
552 2014 678 2071 μόῖις
708 2031 920 2072 πορεῑοιι
928 2030 1003 2057 ιον
1031 2018 1106 2058 καὶ
1136 2015 1285 2072 ἠρώτα
1309 2015 1364 2058 Ίί
1393 2032 1497 2058 ποι-

133 2075 212 2124 εἴς;
251 2073 359 2129 ἐφη,
399 2071 532 2114 Κατὰ
563 2071 725 2129 σχολὴν
755 2071 1048 2124 ἁποθνησκω.
1108 2078 1268 2118 Eadem
1298 2078 1499 2128 leguntur

135 2133 246 2183 apud
276 2133 493 2173 Arsenium
522 2133 833 2184 Viol.p.101.
874 2134 1145 2182 Aristoteles,
1175 2147 1296 2185 quem
1329 2133 1495 2184 Olymp.

137 2188 269 2230 CXIV
300 2191 506 2228 mortuum
538 2201 629 2227 esse
660 2194 833 2238 constat,
863 2190 1011 2230 Alexin
1041 2191 1320 2240 grandaevum
1351 2190 1496 2228 videre

136 2256 219 2283 non
248 2245 395 2297 potuit,
426 2257 475 2283 ex
505 2256 584 2296 quo
617 2245 716 2285 satis
745 2246 992 2297 intelligitur
1023 2259 1126 2297 opus
1156 2247 1258 2285 illud
1275 2246 1495 2285 Chriarum

138 2300 256 2340 titulo
290 2301 529 2354 insignitum
570 2306 640 2340 aut
669 2302 906 2342 Aristotelis
945 2315 1094 2342 nomen
1134 2315 1225 2341 esse
1262 2304 1493 2350 mentitum,

137 2361 208 2396 aut
237 2358 448 2399 Aristoteli
482 2358 654 2406 iuniori,
692 2359 745 2399 de
775 2372 855 2411 quo
897 2359 1058 2400 [onsius
1089 2360 1198 2401 Hist.
1229 2360 1335 2412 phil
1378 2360 1395 2399 1
1436 2359 1491 2400 15

7 2423 10 2456 Ι
138 2415 237 2465 egit,
265 2414 527 2454 tribuendum
559 2428 664 2455 esse.

86 2466 199 2520 '‘ss''
202 2468 353 2521 Αλεξις
403 2465 606 2524 Θούριος,
654 2462 750 2519 ἣτις
794 2466 1006 2525 πρότερον
1042 2466 1239 2526 Σύβαρις
1282 2469 1491 2512 ἐκαλεῖτο.

5 2522 8 2561 l
139 2527 324 2578 Quorum
364 2528 583 2567 verborum
633 2541 798 2568 sensum
845 2530 1018 2569 mirifice
1076 2543 1174 2582 peri
1180 2531 1276 2569 ertit
1329 2530 1489 2571 Eudoc.

136 2585 265 2635 1).ssss
302 2585 485 2625 scribens
523 2585 614 2626 illa:
646 2579 826 2635 ’'Ategcg
867 2582 1069 2639 Θούριος,
1114 2582 1320 2639 κωμικός,
1370 2579 1492 2631 ὅστις

136 2636 346 2694 πρότερον
388 2637 583 2694 Σύβαρις
623 2638 837 2690 ἐκαλεῖτο,
879 2644 947 2694 qui
984 2644 1069 2683 sive
1098 2644 1254 2682 libr-aiii
1287 2644 1373 2682 sive
1403 2643 1491 2682 Eu·-

140 2697 283 2738 dociae
314 2711 430 2739 error
458 2698 573 2739 fluxit
615 2712 666 2739 ex
693 2699 923 2753 ignorantia
953 2700 1154 2741 notissimi
1183 2700 1402 2741 idiomatis.
