1702 3190
726 116 877 149 rure.
1442 106 1530 148 1⁴15

144 218 385 273 Sequuntur
410 212 666 269 Λάκωνες
691 212 723 269 ἢ
749 213 1018 270 Home-ai,
1034 230 1157 272 quem
1174 217 1344 273 plenum
1361 217 1529 263 fabulae

59 297 224 338 titulum
250 302 418 351 praeter
445 298 674 340 Eudociam
701 311 809 340 unus
837 297 986 340 Suidas
1013 299 1207 348 servavit,
1235 298 1408 352 reliquis
1437 312 1529 340 eam

57 377 301 430 simpliciter
345 371 552 427 Λάκωνες
601 378 916 433 appellantibus.
1003 377 1112 420 Vide
1152 378 1416 419 Athenaeum
1467 378 1527 421 lx

55 469 98 510 p.
126 456 211 497 880
227 469 264 498 e.
309 456 387 500 XV
422 469 465 511 p.
502 455 624 498 6951)
683 457 879 501 Photium
916 457 1018 499 Lex.
1065 457 1107 499 in
1153 469 1193 499 v.
1241 452 1525 511 μυλαβρίδες,
1606 451 1611 455 ’

55 534 328 577 Scholiastam
358 535 644 590 Aristophanis
671 535 748 579 AV.
776 535 875 585 471,
914 535 1086 576 Suidam
1115 549 1150 578 s.
1178 549 1218 577 v.
1245 531 1461 584 ,Αἴσωπος
1482 541 1527 578 et

50 606 348 666 Ἀναβιῶναι,
387 614 706 657 Antiatticistam
740 626 784 668 p.
815 615 913 666 105,
950 615 1227 658 Scholiastam
1264 614 1523 656 Dioscoridis

50 691 94 732 in
124 692 329 734 Matthaei
366 693 539 734 medicis
576 705 716 746 graec.
752 705 794 747 p.
824 693 905 734 361
939 698 983 736 et
1009 694 1385 748 Harpocrationem
1419 707 1455 736 s.
1484 707 1525 738 v-

46 766 286 820 Σθένελος,
315 785 366 813 ex
394 784 477 825 quo
507 772 560 812 de
575 771 750 812 Platone
778 771 946 814 fabulae
974 778 1145 815 auctore
1167 772 1400 814 dubitatum
1429 787 1523 815 esse

46 848 338 903 intelligimus:
373 843 592 907 ἐκωμῴδει
620 847 667 890 δὲ
697 845 837 891 αὐτὸν
870 852 1146 902 (Sthenelum
1187 857 1355 906 poetam
1393 854 1522 907 tragi-

46 928 167 981 cum)
204 922 229 968 ὁ
265 925 367 977 τοὺς
394 925 638 979 ΙΙλάτωνος
663 925 885 979 Λάκωνας
912 927 1104 986 γράψας.
1160 932 1322 974 Eadem
1353 931 1414 973 M
1418 947 1447 973 α
1456 948 1523 987 μ.-

42 1000 307 1059 μακύθου
334 1011 456 1062 ratio,
486 1012 602 1052 cuius
626 1022 754 1063 quum
772 1010 842 1051 alii
864 1010 990 1051 alium
1010 1015 1223 1052 auctorem
1247 1011 1521 1065 perhiberent

43 1083 104 1134 (v.
117 1084 225 1126 infra
239 1089 282 1127 in
295 1088 556 1142 Metagene),
585 1089 756 1130 fuerunt
770 1090 871 1130 item
888 1090 958 1142 qui
978 1103 1071 1130 eam
1098 1091 1142 1131 in
1159 1089 1346 1132 Platonis
1366 1092 1519 1135 fabulis

42 1171 321 1207 numerarent.
385 1165 482 1209 vid.
511 1172 679 1221 praeter
705 1169 876 1210 Suidam
902 1168 1137 1211 Eudociam
1166 1173 1209 1209 et
1235 1169 1519 1214 Andronicum

39 1241 129 1285 1.1.
169 1243 400 1286 Scholiasta
436 1246 726 1300 Aristophanis
766 1247 872 1289 Ran.
904 1248 1015 1289 1⁰21
1059 1252 1104 1288 et
1138 1247 1376 1301 Hesychius
1412 1263 1446 1291 s.
1476 1263 1517 1293 v.

39 1316 353 1375 Μαμάκυθοςε
380 1319 538 1380 μωρὸς.
571 1322 665 1366 ἔστι
693 1322 741 1368 δὲ
768 1325 845 1367 καὶ
873 1322 1024 1383 δρᾶμα
1052 1324 1351 1380 πεποιημένον
1377 1322 1514 1368 Πλά-

37 1411 156 1442 τωνι.
218 1400 277 1443 M
282 1417 300 1443 ε
313 1402 367 1444 νέ
376 1401 506 1453 λεως
533 1405 727 1448 laudatur
755 1406 806 1447 ab
835 1406 1051 1447 Athenaeo
1083 1405 1142 1449 IV
1168 1417 1212 1459 p.
1242 1406 1326 1448 170
1341 1406 1374 1448 f.
1414 1406 1513 1451 xlv

24 1477 81 1536 4ιο.
108 1482 189 1523 641
204 1482 245 1533 b,
285 1483 474 1525 Zenobio
512 1484 571 1527 VI
602 1486 657 1526 17
697 1489 739 1527 et
769 1484 920 1527 Photio
949 1485 1052 1526 Lex.
1088 1499 1131 1539 p.
1161 1484 1260 1526 510.
1298 1484 1513 1527 ,Μέτοι-

36 1571 126 1602 κοι
161 1574 186 1603 a
215 1561 388 1604 Polluce
416 1562 456 1604 X
485 1564 541 1605 24
579 1568 622 1605 et
644 1565 866 1619 Apollonio
896 1565 950 1605 de
978 1576 1169 1617 pronom.
1198 1577 1240 1617 p.
1270 1565 1355 1606 348
1370 1579 1405 1616 c,
1441 1567 1512 1619 qui

34 1652 77 1694 p.
97 1630 235 1694 *404'11
273 1643 448 1685 eandem
483 1643 667 1685 fabulam
708 1646 934 1686 memoriae
971 1656 1117 1684 errore
1160 1642 1406 1684 Pherecrati
1434 1646 1511 1685 tri·

33 1719 134 1763 buit.
167 1721 239 1774 ⁹⁰)
298 1719 358 1762 M
363 1718 620 1776 υρμήκων
647 1724 808 1765 nullum
838 1723 1118 1778 fragmentum
1148 1727 1355 1775 superest.
1412 1721 1465 1764 Ν
1469 1723 1510 1764 ἴ-

33 1809 132 1838 και
172 1812 195 1839 a
224 1800 457 1842 Scholiasta
486 1803 777 1857 Aristophanis
814 1803 910 1856 Lys.
952 1803 1064 1845 1297
1102 1802 1183 1853 (ex
1220 1803 1510 1845 emendatione

31 1876 256 1932 Elsmleii),
294 1883 372 1923 Av-
408 1882 535 1931 1297,
573 1881 748 1923 Polluce
785 1883 867 1926 VII
895 1882 953 1923 4⁰
994 1887 1039 1923 et
1076 1882 1308 1923 Scholiasta
1343 1881 1508 1925 Platon.

30 1966 74 2011 p.
103 1958 184 1999 331
216 1958 422 2011 laudatae,
453 1960 696 2014 spectabant
724 1962 903 2004 fortasse
932 1962 985 2003 ad
1013 1974 1160 2004 aureas
1190 1962 1282 2002 illas
1313 1961 1506 2003 victorias

30 2035 228 2078 archonte
257 2040 462 2093 Antigene
493 2040 658 2093 Olymp.
690 2041 829 2081 XCIII
860 2044 887 2083 2
917 2055 941 2082 e
971 2041 1210 2083 Victoriolis
1242 2052 1372 2091 cusas,
1404 2054 1506 2094 quas

30 2115 84 2156 oh
120 2116 340 2158 admixtam
378 2118 486 2159 aeris
522 2124 684 2172 partem
723 2120 834 2161 ridet
871 2121 996 2161 etiam
1032 2119 1348 2172 Aristophanes.
1406 2119 1501 2161 Vid.

29 2194 218 2237 Valesius
246 2195 300 2235 ad
327 2195 532 2248 Harpocr.
561 2209 603 2250 p.
633 2199 705 2247 74,
735 2198 972 2239 Boeckhius
1002 2200 1160 2238 Oecon.
1190 2199 1278 2238 Att.
1309 2198 1328 2237 1
1358 2213 1400 2250 p.
1432 2199 1504 2241 24.

30 2271 69 2314 n
96 2287 139 2326 p.
165 2274 248 2315 136
277 2279 320 2316 et
340 2274 622 2318 Schneiderus
638 2276 852 2318 Addendis
882 2275 934 2316 ad
946 2275 1137 2328 Xenoph.
1157 2275 1326 2317 Hellen.
1353 2277 1373 2317 1
1402 2278 1430 2317 3
1459 2279 1502 2320 8.

29 2351 114 2392 Sed
148 2352 231 2392 hoc
271 2353 477 2396 incertum
518 2368 611 2396 esse
651 2355 801 2397 fateor.
877 2355 942 2395 De
990 2359 1178 2408 tempore
1214 2354 1382 2397 fabulae
1418 2357 1502 2400 hoc

27 2441 156 2471 uuum
184 2431 337 2473 afferre
375 2431 476 2473 licet
505 2445 598 2475 eam
635 2438 732 2488 post
760 2434 912 2477 Pacem
940 2434 1231 2489 Aristophanis
1262 2448 1356 2478 esse
1384 2450 1498 2479 com·

88 2610 161 2662 ⁹⁹)
201 2611 416 2653 Contu-ario
457 2625 599 2654 errore
642 2614 821 2658 fortasse
858 2616 1076 2661 Platonem
1120 2632 1196 2672 pro
1238 2616 1496 2661 Pherecrate

133 2669 359 2710 nominavit
387 2669 646 2723 Phrynichus
663 2674 812 2729 Praep.
830 2676 961 2731 Soph.
992 2691 1036 2732 p.
1065 2676 1121 2716 63
1149 2676 1219 2717 26.
1255 2676 1344 2717 Cfr.
1362 2690 1404 2730 p.
1425 2678 1494 2719 76.
