1702 3190
709 147 830 178 Amrs
837 149 911 177 [AS.
1430 132 1516 175 2⁰3

47 262 118 294 nas
153 253 305 293 tibicen
340 251 546 300 innuitur,
587 247 709 302 quem
737 250 853 289 r'ecte
883 248 1086 288 Kusterus
1117 247 1170 288 ad
1206 247 1324 289 Suid.
1355 247 1384 287 1.
1415 259 1451 288 c.
1489 259 1514 288 a

47 333 191 372 Gonno
220 331 361 384 lyrista
392 330 599 369 diversum
627 320 878 380 statuit.'²³)
936 327 998 366 De
1030 328 1197 375 Conno,
1229 327 1408 367 Socratis
1440 327 1515 366 do·-v

47 415 185 459 more,
222 410 317 449 vide
355 414 571 462 praeterea
608 409 791 448 Leonem
822 398 1018 447 Allatium
1059 405 1111 453 ad
1153 406 1336 446 Socratis
1375 406 1512 459 Epist.

46 496 84 543 p.
107 489 187 529 186
216 493 260 528 et
288 489 527 541 Menagium
556 487 608 527 ad
639 488 811 539 Diogen.
842 486 980 525 Laert.
1014 485 1052 523 ΙΙ
1082 486 1152 534 28,
1183 487 1254 537 qui
1282 489 1514 538 praeeunte

47 570 291 609 casaubono
327 567 535 619 Amipsiae
576 565 756 605 fabulam
798 564 839 604 in
879 564 1093 604 Socratem
1141 565 1337 617 scriptam
1384 564 1515 604 fuisse

45 648 295 700 suspicatur,
337 646 446 698 quod
483 644 592 684 haud
625 644 710 683 scio
741 656 792 683 an
823 643 947 683 etiam
978 656 1028 683 eo
1070 645 1361 692 confirmetur,
1403 642 1515 694 quod

44 726 195 766 chorus
222 724 387 764 fabulae
424 734 448 763 e
477 720 763 776 φροντισταῖς
792 722 1025 763 constitisse
1055 724 1232 773 videtur,
1273 722 1516 764 Athenaeus

45 800 80 848 V
108 817 150 858 Ρ.
178 802 306 843 2180
339 796 588 854 Ἀμειψίας
627 796 732 841 δ’ἐν
767 798 828 857 τῷ
862 796 1022 857 Κόὺνῳ
1059 828 1115 835 --
1156 797 1209 842 οὗ
1243 799 1522 856 καταριθμεῖ

43 877 182 923 αὐτὸν
210 882 522 934 (Protagoram)
553 878 599 921 ἐν
627 879 687 937 τῷ
716 878 804 919 τῶν
833 880 1111 935 φροντιστῶν
1136 879 1265 938 χορῷ.
1333 882 1378 922 Si
1415 893 1515 920 vera

44 967 106 1004 est
135 962 366 1003 casauboni
396 961 653 1010 coniectura,
691 961 784 1012 quis
823 961 984 1000 dubitet
1021 963 1119 1014 quin
1151 961 1371 1013 Menagius
1399 963 1516 1000 recte

43 1052 91 1084 ex
127 1043 273 1082 eadem
311 1040 453 1080 fabula
498 1041 776 1080 nobilissimos
825 1041 867 1080 in
907 1042 1121 1081 Socratem
1168 1054 1313 1080 versus
1361 1040 1515 1093 petitos

43 1134 136 1164 esse
172 1123 344 1169 statuat,
387 1132 489 1172 quos
526 1119 705 1159 servavit
737 1119 944 1173 Diogenes
977 1120 1113 1160 Laert.
1143 1119 1171 1159 l.
1202 1119 1230 1159 l.
1266 1113 1518 1172 Ἀμειψίας

43 1195 147 1242 δ’ἑν
191 1195 371 1254 τρίβωνι
403 1200 476 1251 ²⁴)
531 1193 811 1253 παρεισάγων
866 1194 1005 1238 αὑτὸν
1053 1199 1324 1251 (Socratem)
1375 1192 1518 1252 φησίν

42 1270 201 1326 οὕτως’·

97 1353 326 1413 Σώκρατες
361 1351 536 1410 ἀνδρῶν
569 1353 765 1408 βέλτιστ’
799 1352 987 1408 ὀλίγων,
1028 1353 1203 1395 πολλῶν
1240 1353 1287 1396 δὲ
1323 1351 1515 1410 ματαιό-

771 1430 896 1487 ταθ’,
926 1426 1043 1484 ἥκεις

39 1513 55 1538 ”
92 1513 170 1557 καὶ
199 1510 255 1556 σὺ
283 1509 393 1570 πρὸς
419 1509 549 1568 ἡμᾶς,
577 1508 826 1571 καρτερικός
854 1510 892 1554 τ’
921 1503 979 1566 εἷς
1009 1508 1158 1555 πόθεν
1185 1510 1243 1555 ἄν
1269 1527 1342 1556 σοι
1354 1512 1518 1569 χλαῖνα

779 1592 976 1646 ravon-03

45 1676 160 1729 Quae
198 1683 290 1715 cum
329 1672 535 1714 Athenaei
574 1672 690 1722 loco,
732 1686 782 1713 ex
821 1687 903 1727 quo
940 1675 1193 1727 phrontistas
1233 1675 1276 1714 in
1306 1674 1516 1726 Amipsiae

44 1753 184 1795 stabula
222 1756 487 1793 enumeratos
525 1765 618 1792 esse
656 1752 871 1803 discimus,
919 1754 1074 1806 optime
1114 1754 1378 1793 concordant.
1450 1754 1515 1794 Ex

45 1834 191 1874 uetans
233 1832 398 1872 fabulae
440 1831 683 1885 fragmentis
728 1834 778 1872 ab
815 1834 1031 1874 Athenaeo
1072 1833 1150 1874 vn
1190 1847 1231 1885 p.
1265 1834 1348 1873 327
1370 1834 1408 1872 d.
1455 1834 1514 1872 lx

45 1924 86 1965 pt
115 1913 250 1961 3680,
287 1913 525 1952 Herodiano
563 1912 616 1951 de
652 1912 836 1951 dictione
866 1913 975 1952 solit.
1009 1926 1050 1964 p.
1083 1914 1121 1962 6,
1162 1913 1335 1952 Polluce
1364 1913 1403 1952 X
1430 1913 1510 1952 171

46 1994 88 2031 et
117 1991 346 2032 Scholiasta
376 1992 662 2043 Aristophanis
693 1992 767 2032 Av.
788 1993 871 2031 989
901 1993 1073 2032 servatis
1104 1993 1207 2033 nihil
1237 1993 1341 2033 certi
1372 1993 1424 2033 ad
1451 1992 1515 2033 fa·

38 2068 166 2110 *inulae
195 2075 480 2123 argumentum
511 2071 664 2111 elicias.

155 2149 394 2201 Sequuntur
421 2146 674 2203 Κωμασταί
704 2145 872 2202 ΒΙοιχοὶ
902 2152 944 2189 et
960 2143 1154 2202 Σαπφώ.
1212 2150 1276 2190 Ex
1305 2150 1372 2190 his
1400 2149 1516 2190 Kw-

55 2391 58 2395 ,
109 2357 182 2407 ²⁸)
211 2355 330 2395 Haec
359 2358 457 2398 olim
486 2361 645 2412 scripsi.
684 2362 804 2401 Nunc
829 2361 952 2413 plane
983 2371 1225 2413 persuasum
1254 2362 1388 2402 habeo
1407 2363 1515 2403 Con-

163 2424 262 2451 num
307 2417 349 2451 et
391 2416 573 2455 Cannam
623 2418 791 2457 minime
838 2430 929 2456 esse
977 2419 1173 2457 diversos.
1251 2421 1339 2471 Qua
1378 2420 1430 2458 de
1468 2433 1516 2460 re

163 2469 317 2520 optime
347 2468 539 2513 disseruit
555 2473 916 2514 lVinckelmannus
934 2473 1099 2526 Proleg.
1132 2475 1182 2514 ad
1213 2475 1397 2516 Platonis
1428 2478 1514 2516 Eu-

163 2525 280 2576 thyd.
316 2538 357 2578 p.
387 2528 577 2578 XXXIX,
617 2532 686 2582 qui
727 2532 779 2570 de
805 2533 947 2572 Contio
978 2544 1085 2585 quae
1124 2532 1207 2572 dici
1237 2539 1413 2586 possunt
1444 2547 1515 2574 ex-

163 2581 299 2638 hausit
326 2587 483 2625 tantum
513 2600 594 2627 non
626 2589 774 2628 omnia.

54 2645 59 2648 ’
110 2638 183 2688 ²⁴)
211 2638 275 2677 Ex
304 2637 384 2679 hoc
421 2642 512 2681 loco
543 2645 751 2684 meursius
781 2643 886 2685 Bibl.
918 2646 1001 2685 Att.
1041 2650 1081 2684 et
1110 2645 1273 2686 Fabric.
1303 2646 1411 2686 Bibl.
1441 2646 1514 2687 Gr.

166 2694 205 2734 11
233 2707 274 2747 p.
304 2695 390 2736 41⁰
418 2699 624 2752 Amipsiae
660 2698 866 2754 Τρίβωνα
894 2701 1075 2742 fabulam
1106 2703 1371 2743 affinxerunt.
