1702 3190
219 196 274 236 20
817 202 1021 230 comosum

224 305 326 352 126,
368 300 528 341 Corslni
572 302 682 342 Fast.
729 302 813 342 Att.
844 302 903 341 111
941 314 981 353 p.
1012 299 1066 339 64
1123 301 1164 338 et
1208 297 1438 340 Heinrichii
1482 299 1672 352 Epimen-

219 395 260 433 p.
278 380 345 418 17.
363 379 431 417 80.
484 380 536 419 In
566 363 776 431 Megarico
807 383 941 417 autem
970 378 1080 417 bello
1106 377 1157 416 de
1187 377 1389 416 Salamine
1417 377 1549 417 insula
1579 390 1671 417 cum

221 455 539 498 Atheniensibus
570 460 724 505 exorto,
755 456 863 507 quod
890 432 935 494 iii
964 456 1124 507 Olymp.
1148 454 1260 495 XLV
1286 455 1468 494 incidere
1497 455 1672 503 videtur,

219 534 376 574 nullam
414 533 647 586 Theagenis
691 533 941 573 mentionem
978 533 1026 572 ab
1063 532 1237 582 antiquis
1274 532 1540 583 scriptoribus
1580 532 1673 571 fieri

220 611 378 660 videas;
418 624 551 662 neque
589 610 774 662 profecto
804 612 1092 663 Megarenses,
1135 609 1213 648 nisi
1254 612 1340 648 tum
1367 610 1564 660 temporis
1593 610 1673 648 iam

222 689 471 741 expulissent
499 692 715 739 tyrannum
744 690 886 740 patria,
917 687 1260 727 Lacedaemonios
1289 687 1576 735 advocassent,
1606 685 1674 737 qui

221 771 374 806 motam
418 766 468 804 de
490 766 634 804 ‹insula
673 766 789 807 litem
832 766 999 805 arbitrio
1042 777 1116 803 suo
1160 763 1420 812 dirimerent,
1465 763 1673 802 Plutarch.

223 843 307 882 Sol.
326 843 392 881 10.
452 844 566 892 Quae
597 844 631 881 si
660 847 774 882 recte
805 843 1008 900 disputata
1036 845 1142 890 sunt,
1172 853 1386 892 procacem
1414 841 1525 879 illam
1555 852 1675 890 quam

223 918 471 958 Plutarchus
513 919 706 958 describit
745 921 953 972 popularis
984 918 1268 957 dominationis
1297 918 1526 957 libertatem
1557 917 1675 956 circi-

222 1000 289 1035 ter
324 996 421 1035 inde
457 996 507 1034 ab
539 996 701 1047 Olymp.
731 996 844 1037 XLV
872 997 938 1036 vel
966 996 1098 1037 XLVI
1129 996 1288 1034 initium
1326 995 1487 1034 duxisse
1521 995 1675 1034 intelli-

221 1074 345 1125 gitur.
402 1073 562 1112 Eodem
590 1072 715 1121 igitur
743 1076 932 1123 tempore
962 1073 1083 1111 etiam
1113 1071 1333 1119 comoedia,
1362 1073 1570 1122 popularis
1598 1072 1676 1110 im-

220 1149 326 1201 perii
355 1149 464 1188 socia
495 1152 536 1186 et
565 1147 739 1193 alumna,
763 1148 871 1199 apud
885 1149 1151 1200 Megarenses
1174 1147 1367 1196 effloruit,
1397 1160 1531 1199 neque
1547 1148 1674 1188 multo

219 1229 337 1278 post,
374 1226 484 1264 inter
514 1225 677 1277 Olymp.
707 1225 740 1264 L
771 1229 813 1263 et
842 1225 949 1273 LIV,
986 1237 1024 1264 v,
1054 1225 1202 1265 Marm.
1230 1224 1385 1265 Arund.
1416 1224 1575 1275 Epoch.
1605 1225 1674 1274 34,

225 1303 446 1342 Sus-arione
475 1307 643 1342 auctore
673 1303 714 1342 in
743 1303 919 1342 Atticam
948 1302 1205 1354 immigravit.
1265 1301 1349 1341 Sed
1376 1302 1676 1352 antiquissimae

222 1380 344 1420 huius
375 1380 484 1432 apud
507 1381 774 1433 Megarenses
804 1383 846 1419 et
876 1379 1027 1418 Icarios
1058 1379 1292 1418 comoediae
1321 1391 1425 1430 quae
1452 1379 1610 1418 indoles
1633 1382 1675 1419 et

223 1458 327 1496 ratio
357 1457 497 1507 fuerit,
525 1459 568 1498 in
598 1457 762 1509 ancipiti
791 1458 968 1508 positum
1000 1461 1075 1496 est.
1135 1459 1386 1508 Quamquam
1407 1457 1675 1508 Megarenses

222 1534 410 1586 quidem,
461 1548 561 1586 quos
602 1535 733 1586 ipsam
780 1538 965 1574 naturam
1010 1534 1059 1573 ad
1099 1534 1373 1573 conviciorum
1372 1534 1675 1609 petulantiam

224 1613 391 1651 finxisse
421 1612 568 1652 Pittaci
599 1613 752 1651 dictum
779 1612 822 1651 in
851 1611 1019 1666 Anthol.
1050 1611 1181 1650 Palat.
1211 1611 1259 1650 ΙΙ-
1279 1623 1319 1662 p.
1349 1610 1431 1649 445
1462 1612 1676 1664 significat,
1700 1599 1702 1604 ’

224 1687 441 1743 Μεγαρεῖς
470 1687 515 1727 δὲ
547 1687 715 1743 φεῦγε,
704 1684 882 1737 πάντας,
913 1682 998 1727 εισὶ
1013 1685 1095 1742 γὰρ
1119 1683 1275 1740 πικροί,
1304 1689 1570 1740 Megarenses
1598 1690 1676 1742 igi-

221 1769 290 1805 tur
330 1767 578 1806 comicorum
615 1767 777 1806 lusuum
814 1767 976 1805 facetiis
1012 1766 1184 1805 maxime
1221 1767 1436 1817 optimates
1476 1769 1677 1819 carpsisse

221 1843 291 1882 vel
321 1856 370 1882 ex
400 1855 449 1881 eo
478 1843 707 1894 intelligas,
751 1844 861 1894 quod
897 1844 977 1896 ipsi
1013 1843 1264 1882 comoediam
1293 1845 1466 1884 florente
1494 1846 1603 1897 apud
1631 1859 1677 1886 se

225 1920 368 1971 populi
403 1920 579 1972 imperio
618 1925 751 1960 natam
789 1934 879 1960 esse
917 1921 1213 1961 asseverabant.
1279 1922 1362 1961 Sed
1397 1926 1444 1961 ut
1478 1923 1568 1975 ipse
1605 1923 1678 1964 ille

223 1998 432 2050 popularis
471 1999 778 2049 Megarensium
812 1999 974 2051 imperii
1013 2001 1161 2046 status,
1208 1999 1430 2039 Plutarcho
1470 2003 1599 2049 teste,
1633 2001 1677 2041 in

225 2075 594 2127 petulantissimam
625 2077 830 2117 licentiam
860 2078 1191 2128 degeneraverat,
1220 2076 1277 2115 ita
1306 2077 1427 2116 etiam
1466 2077 1678 2118 comoedia

224 2163 305 2201 qua
340 2151 405 2190 usi
443 2155 537 2191 sunt
585 2154 745 2194 videtur
781 2155 832 2194 ad
865 2154 1173 2205 procacissimus
1199 2155 1475 2201 cavillationes
1506 2155 1677 2194 descen-

228 2227 337 2270 disse
368 2232 409 2267 et
437 2229 702 2271 insulsissima
732 2243 918 2283 quaeque
957 2231 1042 2270 sive
1070 2216 1363 2281 praemeditato
1402 2232 1486 2272 sive
1524 2234 1677 2271 extem-

226 2305 357 2357 porali
392 2318 581 2347 sermone
621 2309 833 2349 effutiisse.
906 2307 1171 2358 Eandemque
1212 2308 1274 2347 illi
1317 2310 1518 2348 rationem
1555 2309 1677 2349 etiam

227 2386 394 2434 postea,
428 2385 657 2426 Atticorum
693 2387 905 2427 comoedia
938 2387 1019 2425 iam
1055 2385 1106 2424 ad
1140 2386 1344 2438 egregiam
1382 2386 1607 2439 elegantiae
1635 2388 1679 2425 et

215 2458 460 2501 vfestivitatis
483 2444 647 2503 laudem
677 2466 855 2515 exculta,
892 2464 948 2503 ita
977 2466 1217 2513 tenuerunt,
1254 2468 1301 2504 ut
1330 2458 1582 2516 Μεγαρικὸν
1608 2460 1677 2514 γε’-

227 2533 370 2587 λωτα,
408 2551 487 2590 quo
526 2540 611 2580 thm
653 2543 987 2582 contumeliosam
1022 2541 1253 2581 irrisionem
1290 2544 1378 2581 tum
1413 2542 1597 2593 ineptum
1633 2543 1676 2580 et

226 2614 447 2667 insipidum
476 2617 636 2657 iocandi
664 2631 794 2670 genus
825 2619 1111 2673 designabant,
1139 2619 1265 2660 Attici
1293 2623 1441 2672 poetae
1468 2617 1675 2671 proverbii

227 2691 319 2733 loco
361 2697 624 2746 usurparent,
668 2696 902 2750 Hesychius
945 2710 982 2738 v.
1030 2693 1160 2749 γέλως
1198 2700 1242 2739 et
1275 2696 1471 2740 Muelleri
1505 2695 1604 2738 Dor.
1633 2693 1675 2736 11
