1702 3190
512 131 724 162 manuus.
780 130 1058 163 artmannus.
1436 117 1524 160 457

48 232 250 284 recensio,
277 236 326 274 ut
353 231 477 275 docet
503 232 745 274 Athenaeus
760 231 820 275 VI
850 244 892 285 p.
921 231 1007 272 247
1028 244 1064 281 c,
1095 230 1166 284 qui
1195 231 1370 272 eandem
1399 229 1524 274 fabu-

48 314 131 356 lam
166 325 310 354 rursus
347 316 642 353 commemorat
670 311 769 353 XIV
805 323 848 364 p.
877 310 961 351 657
978 323 1016 351 e.
1081 310 1207 350 Aliud
1242 311 1525 364 fragmentum

48 392 225 434 servavit
253 392 529 445 Harpocratio
559 406 601 445 p.
632 391 715 431 182
744 390 772 429 3
809 393 852 429 et
882 387 1058 428 Photius
1086 386 1188 431 Lex.
1229 403 1264 431 s.
1293 404 1332 445 γ,
1374 386 1525 445 Quol-

45 471 230 513 Fabulae
247 484 397 512 nomen
415 486 438 512 a
449 471 652 525 Synoride
669 469 888 510 meretrice
910 466 978 507 cui
986 460 1160 520 Λύχνος
1182 481 1414 522 cognomen
1430 475 1523 514 erat

45 549 308 602 (Athenaeus
323 552 425 593 XIII
454 566 495 605 p.
525 551 610 592 583
623 550 667 602 e)
696 548 872 589 inditum
902 550 980 588 est.
1044 543 1318 597 Τελεσιάς
1347 565 1371 592 a
1398 565 1522 604 para-

47 629 152 680 sito,
195 631 262 671 cui
301 631 493 672 Telesiae
534 642 709 678 nomen,
757 628 964 681 appellata
1008 628 1184 670 videtur.
1259 628 1415 683 Athen.
1460 630 1520 673 Vl

44 720 88 761 p.
116 709 264 749 258e:
299 704 575 764 κεχαρτήρικε
618 704 664 746 δὲ
692 701 751 754 ὠς
780 701 845 745 ἔνι
872 701 1069 758 μάλιστα
1096 704 1310 760 ἐπιμελῶς
1337 704 1416 747 τὸν
1444 702 1520 748 κό-

43 783 159 826 λακα
187 786 449 843 Μένανδρος
476 786 523 828 ἐν
551 783 612 843 τῷ
641 779 859 842 ὁμωνύμῳ
890 781 1105 840 δράματι,
1133 783 1193 836 ὠς
1219 787 1296 828 καὶ
1324 784 1404 828 τὸν
1431 801 1522 829 πα-

42 860 227 922 ράσιτον
265 863 450 923 Δίφιλος
486 865 533 907 ἐν
579 862 780 920 Τελεσίᾳ.
847 867 1146 919 Fragmentum
1182 868 1351 909 fabulae
1390 880 1519 910 unum

42 950 235 1000 superest
262 948 374 1001 apud
401 949 662 991 Athenaeum
691 946 788 989 XIV
817 960 859 1000 p.
889 947 972 986 640
990 947 1030 989 d.
1102 945 1288 1002 Φρέαρ
1325 947 1520 988 laudatur

43 1039 71 1068 ι
97 1027 276 1070 Stobaeo
305 1026 452 1069 Floril.
482 1027 616 1068 CXVI
653 1027 723 1068 32.
794 1020 1148 1082 Φιλάδελφος
1183 1028 1358 1070 Antiatt.
1389 1041 1431 1080 p.
1459 1027 1519 1068 80

44 1107 117 1158 29,
153 1108 223 1160 qui
263 1121 306 1162 p.
336 1107 420 1148 110
451 1107 505 1147 17
546 1106 720 1147 eandem
758 1105 942 1148 fabulam
978 1107 1131 1160 plurali
1159 1120 1334 1148 numero
1371 1100 1520 1147 Φιλά-

41 1181 200 1241 δελφοι
228 1187 386 1229 extulit.
443 1186 632 1239 Denique
663 1184 853 1242 Χρυσο
860 1180 994 1240 χόον
1030 1186 1234 1228 habemus
1263 1186 1374 1240 apud
1403 1187 1520 1228 Pho-

40 1265 145 1307 tium
174 1267 275 1309 Lex.
303 1280 338 1309 s.
366 1279 406 1309 v.
436 1260 592 1307 ὀπαία.
626 1285 684 1293 -—
720 1266 857 1306 Plauti
886 1266 1123 1307 Rudentem
1153 1279 1204 1307 ex
1232 1266 1425 1319 Diphilea
1452 1265 1518 1307 fa-

39 1345 138 1388 Bula
167 1360 260 1388 esse
290 1359 525 1401 expressam
553 1346 645 1399 ipse
674 1345 879 1400 significat
908 1346 1117 1388 Prol.32=
1146 1347 1369 1400 primum
1399 1345 1518 1387 dum

38 1424 164 1468 huic
201 1439 319 1467 esse
355 1439 540 1466 nomen
582 1426 702 1466 urbi
739 1425 995 1479 Diphilus
1035 1427 1275 1479 Cyrenas
1317 1424 1517 1466 voluit.

40 1505 228 1547 Graecae
254 1504 420 1546 fabulae
450 1505 562 1558 quod
589 1518 742 1548 nomen
771 1505 901 1546 fuerit
929 1506 1129 1547 nescitur.

152 1584 322 1638 Diphilo
366 1589 409 1626 et
438 1586 672 1627 Menandro
713 1589 849 1627 aetate
889 1598 1044 1639 suppar
1082 1583 1185 1635 fuit,
1223 1584 1268 1626 ni
1308 1585 1518 1628 sententia

41 1664 174 1715 fauit,
209 1664 588 1717 HIPPARCHUS,
631 1666 685 1707 de
713 1678 795 1719 quo
825 1665 929 1706 nihil
959 1665 1040 1706 nisi
1067 1664 1174 1705 haec
1202 1677 1335 1717 pauca
1365 1665 1518 1707 Suidas

39 1745 268 1787 memoriae
295 1744 501 1798 prodidit:
531 1737 793 1801 Ἵππαρχος,
826 1741 1014 1799 κωμικὸς
1040 1742 1119 1794 τῆς
1147 1738 1335 1798 ἀρχαίας
1362 1756 1518 1800 κωμῳ-

41 1818 155 1872 δίας.
213 1817 420 1880 δράματα
452 1819 592 1866 αὐτοῦ
620 1824 718 1880 πέρὶ
746 1819 916 1878 γάμων.
979 1825 1140 1867 Eadem
1169 1824 1359 1866 Eudocia
1386 1824 1517 1866 habet

38 1916 85 1958 p.
111 1903 210 1944 248.
268 1905 454 1956 Quorum
483 1905 705 1945 verborum
734 1917 894 1955 sensus,
932 1905 969 1946 si
1007 1904 1245 1957 corruptela
1274 1907 1421 1944 vacant
1456 1904 1519 1956 ⁵),

38 1981 153 2025 haud
190 1983 315 2024 dubie
350 1982 421 2024 hic
460 1988 548 2035 est,
583 1985 626 2026 in
655 1984 888 2038 Hipparchi
926 1984 1079 2026 fabulis
1117 1985 1185 2026 vel
1226 1985 1418 2025 omnibus
1446 1983 1516 2024 vel

38 2063 252 2117 plerisque
279 2064 514 2116 nuptiarum
549 2065 752 2105 sollennia
792 2077 886 2105 esse
923 2066 1148 2106 celebrata.
1214 2064 1352 2104 Licuit
1387 2064 1517 2116 igitur

40 2141 97 2181 de
130 2141 372 2192 Hipparcho
410 2142 520 2182 idem
556 2143 697 2183 dicere
734 2144 847 2195 quod
887 2144 1138 2184 Plutarchus
1182 2143 1236 2183 de
1277 2142 1516 2183 Menandro

0 2221 1 2224 ’
42 2218 318 2273 praedicavit:
366 2217 456 2260 ταῖν
498 2216 736 2275 δραμάτων
774 2216 914 2261 αὐτοῦ
951 2216 1001 2261 ἓν
1037 2215 1290 2262 συνεκτικόν
1328 2218 1452 2261 ἐστιν
1488 2216 1516 2261 ὁ

0 2329 1 2332 ¹
44 2295 163 2352 ἔρως.
191 2299 276 2340 Sed
288 2298 371 2340 hoc
382 2300 517 2354 ipsum
529 2302 571 2342 in
589 2313 732 2342 caussa
747 2304 825 2351 est,
854 2305 901 2342 ut
923 2302 1212 2357 Hipparchum
1230 2314 1313 2342 non
1343 2302 1516 2353 veteris,

45 2378 122 2420 sed
141 2391 272 2419 novae
299 2380 538 2421 comoediae
562 2382 698 2434 poetis
726 2383 1028 2422 accensendum
1044 2387 1202 2436 putem,
1231 2382 1358 2435 idque
1387 2383 1515 2424 etiam

47 2458 290 2511 superstites
317 2458 552 2502 fabularum
579 2461 691 2502 tituli
719 2461 740 2513 (
763 2454 1205 2516 Ἀνασωζόμενοι
1242 2463 1353 2517 apud
1381 2462 1515 2504 Athe-

107 2638 152 2690 ⁵)
181 2639 260 2679 Lil.
286 2640 490 2694 Gyraldus
518 2644 628 2685 nist.
658 2648 770 2698 poet.
802 2646 860 2688 lv
890 2659 931 2699 p.
961 2647 1046 2688 734
1075 2649 1198 2689 vertit
1228 2649 1291 2691 de
1319 2647 1514 2689 mulie-

158 2697 329 2747 ribus,
357 2702 405 2739 ut
432 2699 532 2755 περὶ
557 2700 776 2754 γυναικῶν
803 2704 959 2758 legisse
986 2706 1190 2748 videatur.
