1702 3190
226 163 307 202 loz
690 173 932 201 Ammuxss.
989 173 1246 203 mnnomnns.

227 285 333 313 nunc
368 272 502 323 ipsum
545 270 745 310 Alcimenl
782 272 936 314 comico
974 258 1275 313 vindicavimus.
1341 273 1518 315 Aetati&
1540 278 1674 315 antem

226 363 304 401 qua
333 350 430 388 vixit
459 348 691 388 Alcimenes
735 349 1028 397 certissimum,
1074 349 1116 388 ni
1146 349 1288 399 fallor,
1317 340 1507 390 indicium
1537 350 1677 390 Ptole-

227 428 331 466 maei
363 427 485 466 verba
515 426 732 476 praebent,
765 427 917 478 quippe
948 428 1016 477 qui
1045 422 1367 479 Κολυμβώσαις
1395 427 1533 467 fabula
1563 428 1685 480 Tyn-⁸

229 503 406 543 nichum*
433 503 741 544 Clmlcidensem
786 505 971 555 impense
1010 504 1255 544 delectatum
1293 505 1422 544 fnisse
1461 507 1675 557 significet,

231 581 311 619 lam
364 593 485 631 quum
539 581 820 632 Tynnichum,
870 582 1035 634 paeanis
1088 585 1298 621 auctorem
1345 582 1677 631 laudatissimum,

227 657 419 708 Aeschyli
457 658 668 707 aequalem
706 659 836 699 fuisse
866 661 1023 699 constet
1051 671 1076 697 e
1105 658 1334 711 Porphyrio
1372 660 1424 699 de
1453 659 1608 699 Abstin.
1639 659 1677 699 II

226 748 266 786 p.
296 734 391 781 152,
432 734 483 772 de
514 747 592 785 quo
622 736 714 775 loco
754 737 974 788 disputavit
1003 736 1219 788 Menagius
1254 737 1306 775 ad
1335 738 1506 788 Diogen.
1538 728 1675 777 Laert.

228 813 265 851 11
298 813 367 860 42,
398 811 626 863 Aeschylus
669 817 806 854 autem
836 814 984 854 obierit
1013 814 1175 865 Olymp.
1208 814 1392 863 LXXXI,
1433 827 1514 853 nou
1543 814 1676 852 incre-

227 888 352 927 dibile
392 889 555 940 quidem
594 890 722 930 videri
760 892 909 944 possit,
947 891 1167 931 Alcimenis
1205 894 1379 931 aetatem
1419 892 1483 930 vel
1514 890 1677 930 Cratino

225 965 352 1005 fuisse
390 967 665 1017 superiorem:
704 970 746 1009 at
775 981 898 1019 quum
938 972 1052 1008 tanta
1081 969 1340 1009 Alcimeneae
1369 968 1533 1008 fabulae
1561 980 1680 1019 prae-

225 1044 371 1096 stantia
399 1044 527 1082 fuisse
556 1045 756 1094 videatur,
801 1059 906 1097 quae
935 1057 1017 1084 non
1047 1044 1164 1084 cadat
1192 1046 1234 1084 in
1264 1058 1334 1085 eos
1370 1047 1439 1097 qui
1470 1045 1679 1084 Cratinum

211 1109 451 1170 'praegressi
483 1124 575 1158 sunt
605 1126 746 1172 poetas
777 1122 967 1169 comicos,
1021 1121 1279 1173 Tynnichum
1309 1125 1443 1161 autem
1473 1121 1575 1161 nihil
1603 1121 1679 1160 im-

224 1197 362 1247 pediat
399 1209 478 1247 quo
521 1199 653 1238 minus
692 1199 812 1237 vitam
851 1200 956 1238 ultra
985 1198 1233 1250 Aeschylum
1262 1199 1499 1249 produxisse
1529 1201 1679 1238 statua-

226 1285 339 1322 mus;
384 1274 484 1313 mibi
521 1275 706 1325 quidem,
755 1278 986 1328 temporum
1022 1276 1247 1314 rationibus
1284 1276 1548 1327 probabiliter
1584 1276 1678 1314 sub·

225 1349 377 1398 ductis,
422 1351 487 1390 vix
525 1351 700 1392 dubitari
735 1365 857 1405 posse
900 1353 1063 1393 videtur
1108 1353 1203 1404 quin
1252 1352 1482 1392 Alcimenes
1522 1353 1678 1393 Cratini

226 1427 452 1467 Teleclidis
490 1435 804 1482 ceterorumque
841 1443 942 1482 quos
982 1431 1261 1476 recensuimus
1289 1433 1503 1482 poetarum
1531 1442 1677 1481 aequa-

226 1504 275 1544 lis
304 1504 444 1545 fuerit.
696 1553 701 1556 ¹

337 1582 697 1630 PHILOMDES,
737 1583 1021 1632 Atheniensis,
1070 1583 1308 1625 Nicocharis
1346 1588 1493 1636 poetae
1529 1584 1675 1629 comici

225 1662 352 1708 pater,
381 1659 528 1698 Suidas
559 1659 638 1698 vol.
671 1660 708 1699 11
738 1674 779 1713 p.
793 1661 888 1710 526,
919 1661 1034 1701 initio
1072 1662 1159 1701 sive
1187 1661 1399 1702 fulloniam
1429 1662 1514 1700 sive
1543 1662 1676 1713 picto-

226 1737 324 1775 riam
370 1742 497 1775 artem
544 1735 820 1788 factitaverat‚
866 1740 1002 1790 prouti
1054 1739 1121 1780 vel
1164 1737 1316 1779 Suidae
1361 1739 1427 1779 vel
1465 1740 1676 1780 Eudociae

226 1813 348 1852 fidem
378 1814 542 1861 habeas,
573 1825 745 1864 quorum
773 1815 845 1855 ille
873 1816 952 1856 vol.
986 1816 1044 1856 111
1072 1829 1113 1868 p.
1144 1817 1226 1857 614
1263 1812 1495 1871 πρότερον,
1528 1817 1675 1868 inquit,

229 1879 278 1939 ἦν
306 1887 520 1943 γναφεύς,
555 1891 739 1931 Eudocia
769 1898 904 1932 autem
941 1907 981 1945 p.
1009 1894 1092 1933 428
1130 1888 1339 1946 πρότερον
1374 1883 1430 1943 ἦν
1468 1889 1659 1948 γραφεύς

228 1968 359 2007 Huius
399 1972 598 2018 aetatem,
637 1970 823 2020 expensis
859 1971 907 2009 iis
949 1985 1053 2022 quae
1082 1973 1291 2011 IIanovius
1319 1973 1500 2012 Exercit.
1539 1973 1626 2011 crit.
1658 1973 1673 2013 Ι

226 2059 264 2097 p.
295 2047 422 2097 2sqq.
460 2046 673 2095 disseruit,
714 2047 771 2086 ita
808 2047 979 2088 definire
1017 2050 1156 2089 licebit
1193 2053 1237 2090 ut
1267 2062 1358 2088 eum
1389 2049 1674 2100 Aristophane,

226 2124 340 2163 cuius
370 2125 540 2175 primam
570 2125 748 2166 fabulam
776 2125 1039 2166 Daetalenses
1069 2127 1229 2178 Olymp.
1260 2126 1509 2168 LXXXVIII
1539 2127 1562 2165 1
1600 2139 1674 2166 suo

227 2202 388 2241 nomine
417 2202 556 2242 docuit
589 2205 680 2254 Η),
717 2202 854 2254 paullo
892 2205 1144 2259 superiorem
1174 2205 1302 2245 fuisse
1337 2204 1540 2258 vitamque
1567 2205 1693 2246 ultra--

283 2347 354 2396 ⁴⁷)
384 2345 633 2385 Scholiastes
662 2347 713 2385 ad
742 2348 951 2399 Aristoph.
982 2347 1088 2387 Nub.
1117 2346 1212 2395 531,
1254 2347 1320 2387 ubi
1350 2351 1471 2398 poeta
1500 2348 1670 2399 primam

334 2414 453 2452 quam
483 2403 690 2454 pepererit
719 2403 898 2442 fabulam
939 2404 1061 2441 alium
1082 2403 1290 2467 quendam
1320 2403 1530 2443 sustulisse
1561 2403 1669 2451 dicit,

334 2458 434 2495 haec
475 2458 701 2497 annotavit.
742 2454 988 2506 Φιλωνίδης
1022 2457 1096 2495 καὶ
1126 2455 1472 2520 Καλλιστρατος·
1510 2454 1561 2495 οὐ
1588 2472 1670 2512 ςαρ

337 2507 396 2549 δι’
409 2509 564 2551 ἑαυτοῦ
591 2509 760 2564 ἐδίδαξε
789 2511 889 2561 τοὺς
917 2511 1160 2562 Δαιταλεῖς,
1199 2524 1368 2566 πρωτον
1398 2508 1534 2553 αὐτοῦ
1564 2512 1668 2566 δρᾶ-

455 2571 543 2618 Quo
567 2569 656 2607 loco
686 2571 795 2622 quod
824 2571 918 2610 olim
950 2570 1164 2621 legendum
1196 2570 1387 2619 proposui
1423 2566 1668 2617 (12070211'0119

332 2581 362 2670 ἡ
367 2581 738 2675 “Kamiorpmoffi
769 2627 857 2679 ipse
883 2627 1034 2665 dudum
1063 2626 1292 2675 repudiavi
1325 2637 1562 2676 quamquam
1591 2639 1702 2690 nec,

335 2679 504 2719 Hanovii
535 2680 729 2721 rationem
760 2683 1005 2734 probandam
1036 2679 1153 2719 duco.
1222 2681 1395 2719 Omnino
1426 2680 1685 2720 difficillima
1699 2704 1702 2729 3
