1702 3190
548 119 555 122 ἢ
620 135 912 169 τηεογοιινυε.
1421 122 1510 163 239

32 255 183 287 meum
212 241 270 287 xl
309 254 349 294 p.
375 238 503 281 5⁰1f
536 239 640 291 (cll.
680 238 809 279 Bekk.
846 237 1004 281 Anecd.
1044 250 1084 290 p.
1115 237 1197 277 871
1241 236 1298 289 5)
1336 249 1388 277 ex
1427 248 1507 288 quo

35 323 89 367 de
118 326 320 374 tempore,
351 332 431 372 quo
462 325 552 362 acta
582 319 635 359 sit
655 317 808 365 fabula,
839 316 1074 358 coniectura
1099 316 1188 367 capi
1215 319 1366 367 potest.
1411 316 1509 356 Fto-

34 402 117 444 ruit
154 401 262 441 enim
298 399 489 439 Telestes
532 398 695 450 Olymp.
726 396 838 437 XCV
878 400 984 435 teste
1017 395 1199 434 Diodoro
1239 394 1378 434 Siculo
1410 395 1508 436 XIV

32 479 88 521 46
124 472 333 530 ἤκμασαν
361 474 407 516 δὲ
438 473 551 519 κατὰ
579 473 735 515 τοῦτον
766 470 843 514 τόν
862 455 1077 513 ’ἐνιαυτὸν
1114 471 1157 511 οὶ
1185 468 1509 524 ἐπισημότατοι

33 553 433 611 ὃιθυραμβοποιοί,
469 549 703 605 Φιλόξενος
732 546 982 604 Κυθήριος,
1019 546 1246 605 Τιμόθεος
1267 548 1507 601 ΆΙιλήσιος,

40 634 252 684 Τελέστης
279 630 603 684 Σελινούντιος,
643 627 891 678 Πολύειδος
922 624 970 678 ὃς
1009 630 1085 671 καὶ
1125 629 1401 685 ζωγραφικῆς
1431 631 1508 671 καὶ

28 710 241 767 μουσικῆς
275 703 386 766 εἶχεν
422 707 663 766 ἐμπειρίαν.
698 712 770 763 ³³)
839 712 1063 753 Praeterea
1099 710 1293 754 laudatur
1331 713 1507 752 Althaea

28 792 192 838 Polluci
219 793 256 835 X
288 793 384 836 180.
439 793 700 836 *Admetus
738 794 780 831 ct
818 790 907 843 ipsa
944 804 968 830 c
997 790 1224 832 serioribus
1262 797 1414 844 poetae
1445 792 1506 832 fa-

25 871 135 917 bulis
165 871 256 920 fuit,
287 872 489 923 siquidem
521 872 726 911 Peronem
758 870 1104 922 unguentarium,
1136 870 1254 910 cuius
1284 872 1505 923 aliquoties

25 949 335 996 Anaxandrides
379 951 632 992 mentionem
678 948 779 988 fecit
817 949 927 1001 apud
965 950 1120 989 Athen.
1159 950 1240 989 XII
1286 964 1327 1002 p.
1369 951 1452 989 353
1474 950 1505 991 f.

28 1030 108 1076 689
124 1029 154 1073 f.
201 1029 243 1070 in
284 1042 332 1070 ea
375 1029 713 1071 commemoravit
757 1031 867 1069 teste
907 1028 1125 1069 Athenaeo
1165 1029 1243 1072 XV
1286 1040 1328 1082 p.
1367 1030 1449 1068 690
1466 1042 1504 1070 a.

23 1109 160 1161 Quam
207 1104 559 1162 ’Λᾳροδίτην
605 1108 786 1160 appellat
823 1107 1064 1150 Athenaeus
1105 1109 1183 1151 VII
1220 1122 1261 1161 p.
1292 1109 1417 1149 324b
1457 1121 1506 1148 ea

21 1189 179 1229 rectius
206 1181 552 1241 Ἀφροδίσια
584 1188 734 1228 dicitur
760 1186 1018 1228 Scholiastae
1040 1189 1254 1241 Aristoph.
1279 1187 1390 1228 Plut.
1408 1189 1505 1229 179.

26 1265 113 1306 Cfr.
130 1266 551 1319 Schweighaeuserus
582 1268 635 1313 ad
660 1267 922 1309 Athenaeum
946 1266 985 1309 X
1014 1281 1055 1320 p.
1087 1267 1171 1306 449
1188 1268 1228 1307 b.
1260 1268 1322 1307 De
1337 1268 1503 1320 Aphro-

21 1344 224 1402 disiorum
245 1345 353 1387 festo
377 1359 399 1387 a
417 1347 705 1389 meretricibus
724 1345 911 1399 inprimis
922 1346 1132 1386 celebrato
1143 1346 1346 1387 Bathonis
1360 1360 1502 1387 versus

20 1423 73 1471 gb
87 1425 238 1467 Athen.
256 1425 357 1469 tht
388 1439 430 1480 p.
459 1426 543 1468 579
563 1439 600 1468 e.
635 1430 821 1469 servatos
854 1429 896 1467 et
927 1426 1142 1468 Plautinos
1173 1426 1288 1466 locos
1318 1428 1361 1467 in
1379 1428 1502 1467 -Poe—

22 1502 120 1550 milo
151 1502 170 1543 Ι
201 1504 224 1543 1
256 1505 323 1546 62.
353 1506 380 1547 2
410 1505 480 1548 44.
512 1506 574 1548 III
603 1505 642 1547 5.
661 1506 715 1548 13
746 1509 788 1546 et
816 1505 874 1548 IV
904 1505 932 1547 3
960 1505 1019 1546 14
1049 1506 1270 1558 adscripsit
1298 1508 1503 1560 Koppier-

17 1581 109 1628 ,vius
139 1583 312 1624 Observ.
343 1584 444 1637 phil.
475 1598 518 1637 p.
548 1585 617 1625 33.
682 1580 938 1634 Βατύλης
976 1585 1186 1624 dumtaxat
1223 1599 1375 1626 nomen
1413 1600 1501 1627 ser—

23 1665 160 1710 vatum
192 1666 256 1702 est
284 1676 307 1704 a
337 1664 569 1707 Scholiasta
583 1665 796 1717 Aristoph.
829 1665 938 1707 Plut.
970 1665 1103 1705 1012:
1133 1663 1208 1704 καὶ
1238 1662 1316 1713 τὰς
1344 1663 1502 1719 μικρὰς

22 1735 69 1787 δὲ
98 1736 286 1790 θηλείας
319 1740 554 1792 Batoi-ovs*
590 1739 752 1797 ἔλεγον.
802 1743 878 1785 καὶ
912 1739 1182 1798 Θεοπόμπου
1219 1740 1370 1800 δρᾶμά
1406 1744 1500 1786 ἐστι

42 2004 47 2014 ¹
83 1957 153 2009 ⁸³)
184 1957 348 2010 Polyidi
378 1958 469 1999 fere
499 1961 717 2002 obscurata
748 1966 811 2001 est
839 1962 1062 2011 memoria,
1100 1973 1222 2013 quem
1262 1961 1297 2000 si
1337 1974 1386 2001 ex
1415 1961 1497 2002 hoc
1558 1992 1561 1995 »

0 2014 1 2019 ’
40 2018 45 2023 ’
133 2013 306 2054 Diodori
336 2015 429 2055 loco
461 2021 503 2055 et
532 2019 682 2058 Athen.
715 2019 814 2059 VIII
845 2032 886 2071 p.
918 2019 1054 2058 3521).
1086 2019 1156 2057 ubi
1189 2019 1380 2057 Philotae
1411 2033 1497 2058 nta-

134 2071 264 2123 gister
301 2071 432 2112 fuisse
475 2074 648 2123 dicitur,
688 2077 899 2128 cognitum
936 2076 1151 2115 habuisset
1183 2077 1414 2115 Muellerus
1447 2077 1497 2115 ad

133 2127 450 2180 Lycophronem
491 2132 572 2171 vol.
617 2132 677 2172 111
722 2146 762 2183 p.
797 2133 890 2181 158,
940 2146 1023 2172 non
1065 2146 1164 2173 sane
1208 2133 1414 2173 haesisset
1455 2134 1497 2173 in

136 2182 317 2244 Tzetzae
347 2186 438 2223 loco
470 2187 521 2226 ad
552 2188 665 2228 Cass.
696 2189 793 2228 879.
838 2184 1061 2234 Πολύϊδος
1092 2188 1196 2237 (Vit.
1229 2184 1496 2240 ΙΙολ-ὑειὸος)

136 2235 580 2301 οθδιθυραμβοποιὸς
609 2240 688 2281 τὸν
709 2239 944 2282 '‘Adam-a
966 2244 1155 2296 ποιμένα
1175 2242 1323 2294 Λίβυν
1354 2246 1495 2299 φησὶν

136 2305 188 2334 ου
205 2293 542 2348 μαθηματικόν.
575 2300 697 2340 Unde
724 2301 1012 2353 redintegrare
1030 2302 1128 2341 licet
1144 2302 1302 2342 scholia
1314 2303 1496 2344 Tzetzae

136 2351 187 2389 ad
217 2352 422 2404 Exegesin
462 2355 576 2395 Iliad.
607 2369 648 2407 p.
681 2358 762 2399 132
795 2359 862 2396 18.
935 2359 1145 2398 Laudatur
1184 2361 1306 2399 etiam
1344 2374 1366 2400 a
1396 2361 1495 2402 Plu-

134 2407 278 2447 tarcho
310 2411 418 2450 Mor.
449 2424 490 2462 p.
521 2411 632 2451 1138
658 2414 688 2452 Β
721 2420 762 2453 et
794 2419 987 2454 monente
1017 2416 1290 2470 Wesselingio
1322 2418 1370 2457 ab
1402 2419 1495 2458 Ari-

139 2464 288 2503 stotele
318 2465 436 2506 Poet.
468 2468 521 2506 1⁰
552 2469 591 2517 9,
632 2470 685 2508 17
724 2472 762 2510 6.
807 2471 989 2510 Tzetzae
1026 2474 1230 2513 scholium
1268 2475 1318 2514 ad
1361 2475 1494 2527 Lyco-

135 2519 305 2571 phronis
334 2523 362 2563 l.
393 2536 428 2565 c.
471 2526 729 2578 transcripsit
765 2533 907 2569 auctor
936 2529 1118 2580 Etyniol.
1151 2532 1210 2570 Μ.
1241 2545 1282 2583 p.
1314 2533 1396 2583 191
1424 2534 1492 2572 20.

133 2577 328 2617 Fortasse
359 2593 438 2619 non
471 2581 656 2621 diversus
675 2584 889 2623 habendus
917 2590 978 2624 est
1003 2589 1052 2626 ab
1085 2600 1148 2636 eo,
1180 2601 1300 2638 quem
1319 2589 1492 2628 Photius

2 2670 5 2676 ,
63 2657 65 2659 »
134 2633 238 2673 eod.
280 2634 369 2676 167.
397 2649 439 2688 p.
476 2637 559 2678 374
596 2639 638 2679 in
678 2642 814 2692 poetis
851 2648 1064 2696 recenset,
1102 2645 1251 2699 quibus
1289 2647 1494 2687 Stohaeus

72 2723 76 2727 .
120 2699 228 2730 ‘usus
258 2690 323 2732 sit.
380 2693 543 2736 Dicitur
567 2695 631 2736 illi
660 2693 926 2748 Πολυείὸης.
