1702 3190
466 158 765 190 musicas-ras.
832 154 1050 186 meamus·
1413 142 1500 184 495

23 277 116 308 ease
147 262 261 307 vidit.
299 263 368 315 ¹⁶)
443 260 631 303 Titulum
667 256 835 301 fabulae
871 258 972 311 quin
1012 259 1065 298 de
1106 257 1283 299 Persica
1323 257 1499 299 muliere

21 342 355 397 interpretandus
400 342 473 391 sit,
524 354 607 381 non
650 339 818 380 dubium
858 342 935 377 est.
1023 338 1200 378 Praeter
1245 334 1501 392 Περσίδα

0 427 394 481 ,commemorantur
424 420 676 460 Nausicratis
715 412 1043 470 Ναύκληροι
1081 419 1130 456 ab
1173 418 1389 458 Athenaeo
1420 417 1501 459 Vll

22 515 64 558 p.
92 504 175 542 296
190 516 226 542 a.
265 500 348 540 325
371 513 408 540 e.
446 500 530 539 330
547 500 586 548 b,
629 498 777 549 quibus
806 498 907 537 locis
939 497 1069 536 oratio
1100 496 1151 535 ad
1181 496 1378 548 tragicam
1407 495 1502 535 fere

22 582 314 622 sublimitatem
330 579 527 645 assprgit,
556 583 602 618 ut
631 577 830 629 tragicum
860 579 1027 628 poetam
1058 576 1210 627 respici
1241 576 1341 615 satis
1370 575 1503 615 mani-

23 659 177 699 festum
208 660 274 700 sit.
333 660 424 711 Quo
454 659 694 710 argumento
725 655 760 694 si
790 655 881 707 quis
913 655 1060 695 ductus
1092 654 1380 694 Nausicratem
1410 666 1500 692 me·-

27 739 120 780 diae
158 738 292 792 poetis
322 735 560 777 comoediae
589 733 768 774 adscribi
797 735 920 784 velit,
962 734 1154 786 equidem
1183 732 1503 785 haudquaquam

25 817 277 869 repugnabo.
361 815 446 854 Res
498 812 689 853 confecta
739 818 850 854 esset
893 814 928 854 si
973 818 1088 853 certo
1133 815 1343 852 constaret
1385 810 1499 864 apud

0 913 3 987 ,
24 895 271 938 Aeschinem
288 906 323 934 c.
341 894 450 933 Tim.
466 893 521 932 98
538 907 578 946 p.
595 893 677 933 282
693 893 823 933 Bekk.
839 906 979 932 veram
1009 892 1232 932 lectionem
1264 904 1358 931 esse
1375 887 1505 928 Ναυ-

25 969 218 1029 σικράτει
254 970 315 1029 τῷ
351 968 524 1028 κωμικῷ
564 968 738 1030 ποιητῇ.
810 973 894 1014 Sed
931 972 1123 1026 plerique
1165 970 1288 1011 codd.
1326 982 1504 1010 consen-

24 1056 132 1095 fiunt
159 1055 203 1095 in
233 1049 456 1110 ὑποκριτῇ.

147 1134 296 1176 Meo,
364 1135 501 1175 Huius
539 1124 912 1185 Κιθαρῳδόν,
959 1129 1069 1182 quod
1115 1140 1247 1182 genus
1288 1126 1506 1168 hominum

34 1225 60 1254 ι
86 1214 249 1254 mediae
279 1227 492 1266 novaeque
523 1211 762 1252 comoediae
789 1211 941 1270 poetis‘
962 1208 1300 1261 frequentissime
1335 1207 1377 1247 in
1415 1219 1509 1246 sce-

30 1293 94 1333 nis
125 1294 371 1346 exagitatum
408 1298 496 1343 est,
531 1292 704 1332 laudant
734 1290 976 1331 Athenaeus
1006 1289 1065 1328 lX
1102 1302 1144 1342 p.
1174 1287 1297 1327 4870
1336 1290 1379 1327 et
1407 1285 1507 1326 Pol-

30 1372 102 1414 lux
130 1374 187 1416 vl
217 1374 286 1414 99.

141 1452 437 1493 MconAus.
506 1451 724 1491 nicolaum
773 1437 1074 1489 Damascefium
1127 1446 1276 1486 Suidas
1319 1445 1402 1486 vol.
1443 1443 1505 1485 111

30 1544 74 1585 p.
102 1532 185 1571 623
214 1533 271 1571 ita
300 1533 342 1571 in
372 1531 482 1571 omni
511 1531 742 1570 litterarum
774 1541 930 1581 genere
969 1527 1215 1567 excelluisse
1253 1526 1420 1574 scribit,
1458 1527 1508 1566 ut

35 1610 159 1651 etiam
189 1611 423 1665 tragoedias
454 1615 577 1663 atque
607 1609 844 1649 comoedias
878 1608 1006 1648 multa
1043 1619 1137 1646 cum
1174 1606 1298 1647 laude
1335 1619 1506 1660 compo-

0 1747 3 1749 ·
32 1691 175 1731 suerit.
233 1693 363 1744 Quam
388 1692 429 1730 in
459 1704 548 1730 rem
579 1690 792 1730 Fabricius
822 1689 929 1728 Bibl.
961 1701 1112 1741 graeca
1142 1687 1182 1727 11
1209 1701 1252 1740 p.
1282 1687 1365 1727 312
1395 1690 1506 1726 attu-

0 1751 3 1784 ⁵
33 1769 84 1809 lit
113 1771 238 1811 verba
265 1771 474 1811 Eustathii
505 1771 556 1811 ad
586 1770 773 1820 Dionysii
805 1769 968 1821 Perieg.
999 1769 1098 1808 976.
1162 1763 1401 1822 Ἀρριανὸς
1431 1760 1508 1805 διὰ

31 1847 112 1890 τοῦ
165 1841 197 1889 5
226 1845 360 1889 κλίνει
394 1845 614 1904 Τίγριδος,
641 1845 876 1891 madum
905 1844 929 1886 ὁ
958 1842 1137 1901 γράψας
1167 1844 1218 1887 τὸ
1250 1844 1398 1902 δρᾶμα
1428 1845 1507 1898 τῆς

0 1923 310 1980 τιῖἶιιυσοὲνιδος,
356 1919 483 1983 οἶμαι
524 1924 548 1969 ὁ
583 1923 900 1983 Δαμασκηνός,
952 1923 1010 1976 ὠς
1051 1925 1096 1967 ἐκ
1139 1926 1216 1977 τῆς
1258 1925 1507 1983 ἐπιγραφῆς

0 2004 4 2046 ἱ
33 2005 252 2064 φαίνεται.
311 2011 396 2051 Sed
425 2010 496 2062 qui
526 2008 664 2049 eidem
685 2010 856 2050 Nicolao
886 2009 1057 2062 longum
1089 2008 1358 2061 quadraginta
1387 2012 1506 2061 quat·-

0 2104 16 2125 ν
33 2093 130 2130 tuor
155 2102 348 2130 versuum
377 2084 755 2142 ἀποσπασμάτιον
785 2103 808 2129 a
839 2089 1018 2128 Stobaeo
1051 2089 1196 2128 Floril.
1230 2088 1330 2129 xlv
1359 2089 1386 2128 7
1416 2100 1508 2127 ser·

10 2157 13 2206 'i
36 2173 174 2209 vatum
203 2169 413 2217 tribuunt,
450 2169 560 2220 quod
586 2173 752 2221 praeter
781 2167 1018 2208 Fabricium
1047 2167 1149 2208 fecit
1178 2168 1212 2208 1.
1243 2168 1291 2207 C.
1323 2168 1508 2207 Orellius

10 2246 200 2312 {Fr-agua.
231 2247 392 2288 Nicolai
426 2247 669 2287 Damasceni
706 2260 748 2300 p.
780 2247 876 2296 162,
915 2260 1007 2286 mea
1044 2248 1239 2300 opinione
1275 2248 1401 2300 longe
1438 2260 1507 2287 er-

11 2318 144 2379 {ranh
209 2327 358 2367 Totius
395 2327 503 2368 enim
541 2327 739 2367 orationis
771 2331 812 2366 et
840 2328 1074 2379 argumenti
1107 2327 1142 2367 is
1180 2327 1296 2367 color
1336 2331 1421 2376 est,
1457 2330 1505 2366 ut

12 2411 19 2450 '..
39 2413 123 2447 ton
161 2407 427 2448 dubitandum
473 2407 662 2448 videatur
710 2407 808 2461 quin
845 2407 958 2447 illius
998 2407 1221 2461 fragmenti
1255 2410 1400 2447 auctor
1434 2406 1503 2447 vel

103 2614 174 2669 ¹⁸)
202 2619 417 2663 Librorum
445 2623 665 2665 lectionem
685 2625 832 2676 quibus
862 2627 971 2665 tueri
1001 2625 1180 2675 libuerit,
1210 2625 1508 2666 assentientem

154 2676 387 2728 habebunt,
424 2680 467 2720 ui
495 2681 640 2731 fallor,
683 2682 956 2732 Lobeckium‚
996 2684 1112 2723 cuius
1139 2683 1234 2722 vide
1263 2682 1507 2736 perdoctam

153 2733 457 2795 adnotationem
485 2737 529 2779 in
556 2738 840 2792 Aglaophamo
870 2753 911 2794 p.
940 2740 1025 2780 996
1054 2740 1122 2781 cll.
1152 2739 1251 2780 994.

13 2513 20 2547 ,Ι

14 2590 21 2615 ι

15 2667 21 2708 ἓ

16 2746 22 2772 ι
