1702 3190
644 147 910 179 menemus.
1434 128 1523 171 219

43 273 115 302 res
150 254 384 307 ,confirmari
421 252 588 301 videtur
626 262 699 305 eo,
739 247 850 302 quod
888 258 1093 300 nusquam
1136 243 1332 285 laudatur
1365 243 1525 286 Arista-

51 354 180 395 gorae
211 329 539 390 ΠΙαμμάκιϋ-ος
574 330 689 382 (wide
718 333 885 383 praeter
913 327 1028 368 locos
1058 326 1205 366 citatos
1235 324 1405 365 Suidam
1429 337 1463 365 s.
1481 337 1525 366 v·

47 414 252 468 ἀνθέων,
283 413 601 458 Antiatticistam
632 409 810 450 Bekkeri
839 407 998 449 Anecd.
1027 419 1069 458 p.
1100 404 1155 444 85
1187 409 1230 444 et
1259 404 1373 443 aliud
1402 403 1527 444 Lexi-

48 513 127 541 con
164 498 265 539 ibid.
304 510 346 549 p.
378 493 511 543 404),
550 501 685 541 neque
722 499 901 539 unquam
930 485 1165 538 Metagenis
1197 477 1527 535 ΒΙαμμάκυθος

49 579 126 620 sed
154 579 307 630 ubique
338 562 501 626 Αὗραι.
567 568 663 609 vid.
693 566 934 606 Athenaeus
964 565 1025 605 IX
1054 579 1096 618 p.
1128 563 1262 612 3851»,
1293 564 1526 604 Scholiasta

49 655 338 709 Aristophanis
366 654 443 693 Ar.
473 647 570 695 873,
602 646 878 697 Harpocratio
908 659 949 698 p.
980 645 1080 686 259.
1139 645 1278 696 Atque
1308 644 1366 683 ita
1398 644 1524 686 etiam

47 736 154 776 alter
181 732 387 775 Athenaei
415 730 532 768 locus
560 724 859 777 intelligendus
891 727 976 765 est:
1017 719 1344 777 ΒΙαμμάκυθος
1371 716 1400 772 ἢ
1428 711 1528 763 Αὖ-

45 826 122 867 ραι
150 809 448 863 Meta-sirone,
478 806 549 847 ubi
578 805 817 857 Metagenis
847 818 999 845 nomen
1031 817 1114 844 nou
1145 803 1198 844 ad
1226 804 1527 858 Mammacythi

44 893 122 935 sed
157 893 209 933 ad
244 885 411 946 Αὐρῶν
451 885 887 927 commemorationem
927 889 1103 938 spectat.
1168 884 1529 937 Mammacythum

45 978 187 1014 autem
216 972 302 1012 illic
330 972 447 1010 tanto
477 965 606 1017 magis
637 965 788 1005 omisso
805 965 1075 1018 Aristagorae
1104 963 1272 1004 nomine
1303 964 1355 1003 ad
1386 968 1528 1017 partes

45 1066 196 1095 vocare
225 1052 362 1105 potuit
390 1047 653 1095 Athenaeus,
691 1057 772 1097 quo
803 1044 941 1084 minus
977 1044 1088 1084 inter
1116 1049 1282 1084 veteres
1313 1044 1529 1084 constabat

47 1134 366 1186 Aristagorasne
406 1142 458 1168 an
496 1126 600 1166 alius
631 1125 722 1165 eius
759 1124 928 1164 fabulae
965 1127 1110 1164 auctor
1144 1123 1362 1164 habendus
1401 1127 1529 1170 esset.

49 1214 183 1265 Quam
223 1212 267 1251 iu
302 1222 392 1249 rem
428 1206 600 1258 insignis
639 1209 702 1244 est
737 1204 854 1244 locus
884 1204 1143 1245 Scholiastae
1173 1204 1387 1257 Aristoph.
1418 1206 1530 1248 Rau.

48 1291 160 1332 1017
198 1282 548 1344 Μαμμάκουθοι
579 1278 877 1338 Ἀρίσταρχος
899 1282 912 1285 ”
926 1281 1009 1338 μέν
1054 1294 1196 1338 φησιν
1237 1278 1531 1336 ὠνοματοπε-

48 1367 293 1419 ποιῆσθαι.
349 1364 441 1415 πῶς
470 1353 550 1406 οὖν
579 1357 827 1417 Δημήτριός
857 1375 1019 1418 φησιν,
1060 1356 1101 1402 εἰ
1127 1359 1189 1416 μὴ
1219 1358 1418 1414 σύνηθες
1449 1359 1532 1406 αὖ·

49 1449 142 1498 τοῖς
169 1449 300 1502 (fort.
333 1441 585 1498 Ἀττικοῖς)
616 1439 667 1485 τὸ
693 1438 858 1497 ὄνομα,
889 1433 943 1484 οὗ
971 1441 1046 1483 καὶ
1077 1441 1228 1499 δρᾶμα
1257 1436 1363 1483 ὅλον
1392 1437 1534 1494 οὕτως

49 1526 366 1582 ἐπιγέγραπται
396 1519 774 1579 ΒΙαμμάκουθος,
818 1514 848 1563 ὅ
881 1534 996 1572 τινες
1031 1520 1276 1573 Πλάτωνος
1312 1522 1533 1577 λέγουσιν.

51 1611 239 1663 Quorum
266 1609 488 1649 verborum
515 1618 662 1646 sensus
691 1606 758 1645 vix
787 1603 893 1644 alius
923 1618 1018 1645 esse
1047 1609 1186 1659 potest
1215 1606 1294 1646 nisi
1324 1607 1414 1648 hic:
1444 1607 1533 1660 qui

50 1689 220 1743 igitur
261 1687 566 1728 Demetrius
612 1685 712 1726 hoc
751 1684 968 1725 nomine
1010 1686 1092 1725 uti
1130 1686 1329 1739 potuit,
1377 1688 1535 1728 cuius

54 1769 182 1809 adeo
225 1768 495 1820 integrum
535 1766 712 1806 drama
754 1765 812 1807 ab
852 1765 976 1805 aliis
1016 1764 1231 1806 Platoni
1274 1766 1534 1807 tributum

56 1842 459 1902 Μαμμάκυθος
500 1846 829 1899 inscriptum
877 1844 991 1884 est?
1050 1846 1134 1885 Ubi
1172 1845 1430 1886 Demetrium
1469 1847 1537 1887 in·

53 1929 198 1982 tellige
225 1932 392 1982 poetam
422 1927 649 1976 comicum,
688 1926 741 1965 de
772 1937 854 1978 quo
883 1924 990 1964 infra
1022 1924 1222 1966 dicemus.
1294 1927 1385 1967 Nisi
1421 1926 1537 1968 forte

57 2012 297 2061 corruptum
325 2008 467 2048 locum
494 2010 652 2047 statuas
681 2009 806 2058 atque
842 2006 901 2046 ita
937 2005 1255 2059 corrigendum:
1294 2003 1402 2054 Πῶς
1440 1994 1538 2056 οὖν,

57 2082 307 2142 Δημήτριός
343 2097 504 2141 φησιν,
540 2078 583 2125 εἰ
614 2081 677 2138 μὴ
708 2079 907 2134 σύνηθες
939 2079 1166 2132 Ἀττικοῖς
1201 2080 1254 2124 τὸ
1292 2080 1437 2139 ὄνομα
1468 2074 1538 2135 ἦν,

59 2166 136 2208 καὶ
163 2158 270 2206 ὅλον
305 2163 455 2221 δρᾶμα
485 2169 566 2206 etc.
601 2165 694 2217 qui
728 2165 929 2217 igitur,
963 2164 1275 2204 Demetrius
1308 2178 1541 2218 respon-

64 2245 157 2286 det
202 2245 548 2294 Aristarcho,
603 2243 708 2284 nisi
764 2255 950 2283 nomen
997 2243 1205 2284 Atticis
1261 2243 1541 2286 familiare

64 2323 192 2374 fuit,
233 2324 503 2379 integrum
549 2323 682 2364 adeo
726 2323 899 2364 drama
947 2323 1048 2363 hoc
1090 2323 1297 2365 nomine
1339 2326 1543 2367 inscri-

67 2406 210 2457 ptum
247 2405 355 2445 est?
413 2404 472 2444 Ut
500 2403 736 2443 Demetrius
764 2404 1024 2457 intelligatur
1059 2405 1373 2457 grammatich
1413 2406 1542 2459 vulgo

70 2482 187 2524 Ixion
216 2482 371 2532 dictus,
411 2482 640 2524 acerrimus
667 2484 823 2536 ubique
851 2483 1082 2524 Aristarchi
1111 2485 1387 2527 adversarius.
1444 2484 1543 2527 vid.

69 2563 220 2605 Suidas'
247 2574 282 2604 s.
311 2575 351 2604 v.
379 2555 641 2617 Δημήτριος.
684 2563 906 2605 Scholiast.
935 2563 1152 2619 Aristoph.
1179 2564 1286 2607 Rau.
1312 2566 1383 2607 78.
1415 2564 1543 2606 10⁰1.

69 2643 197 2685 1⁰21.
255 2643 386 2696 quue
411 2654 556 2683 verum
583 2643 777 2685 arbitror.
834 2643 922 2686 Sed
958 2645 1154 2700 quicquid
1191 2650 1280 2695 est,
1318 2643 1424 2686 illud
1459 2655 1546 2687 non

71 2721 241 2765 flubium
270 2723 403 2764 videri
430 2729 571 2778 potest
587 2723 885 2780 Mammacythi
913 2729 1127 2767 auctorem
1157 2725 1262 2767 alio·
1290 2724 1417 2766 alium
1446 2735 1546 2778 per·
