1702 3190
531 148 800 178 niz-rannus.
857 145 1076 177 ετιιΑττιο.
1425 133 1512 181 2²1

35 252 297 296 Athenaeum
326 250 385 293 VI
423 263 465 304 p.
492 251 577 291 228
591 263 630 291 e.
665 247 746 293 vn
782 262 824 303 p.
855 248 939 289 327
956 261 992 301 c,
1028 246 1203 290 Sumam
1236 251 1281 290 et
1315 245 1514 292 Phanium

36 346 71 374 ι.
99 346 138 374 v.
166 327 234 380 τίς
261 325 423 386 τρόπος
452 323 624 383 ἳππων,
664 334 708 371 et
735 327 846 384 apud
867 328 1189 369 Antiauicistam
1219 341 1262 382 p.
1292 328 1378 372 114
1407 329 1514 371 nihil

38 412 213 454 efficias.

148 491 292 532 Minus
323 489 447 530 etiam
479 488 531 528 de
558 488 680 527 tertia
711 485 946 538 Metagenis
983 484 1126 525 fabula
1163 489 1346 536 constat,
1388 498 1514 539 quam

38 571 142 611 miro
173 571 253 610 isto
286 574 328 610 et
359 571 533 609 obscuro
563 565 683 605 titulo
714 557 961 617 ’Όμηρος
995 558 1023 615 η’
1052 559 1326 615 Ἀσκηταὶ
1364 566 1514 607 inscri-

38 651 140 703 psit,
179 650 214 689 si
242 649 395 690 Suidae
426 647 543 686 fides.
603 646 666 684 Ea
696 644 940 696 simpliciter
967 636 1170 698 “’()μηρος
1198 648 1371 685 vocatur
1400 644 1514 698 apud

37 729 307 769 Scholiastam
349 727 509 765 Platon.
545 724 676 764 Bekk.
715 737 757 777 p.
802 724 886 763 332
936 727 978 764 et
1014 725 1067 765 ad
1107 724 1399 778 Aristophanis
1433 725 1512 767 AV.

35 806 161 855 1297,
195 806 268 846 ubi
305 805 464 845 fallitur
493 803 707 845 Bentleius
745 803 991 856 opusculum
1032 805 1085 845 de
1125 806 1313 846 Homero
1350 803 1513 846 laudari

36 886 269 926 existimans
299 885 478 937 ideoque
507 897 581 936 pro
599 884 823 936 Metagene
841 885 1077 938 Theagenis
1106 898 1257 925 nomen
1285 896 1513 938 reponens.

33 965 183 1007 Eidem
213 963 377 1003 fabulae
396 963 817 1015 Schweighaeuserus
849 964 973 1003 etiam
1003 964 1130 1004 alium
1160 964 1298 1005 locum
1313 965 1363 1004 ab
1382 965 1515 1007 Athe⁴

32 1057 138 1086 naeo
154 1043 212 1086 vl
241 1056 283 1096 p.
313 1043 395 1082 271
415 1057 452 1083 a.
482 1046 691 1082 servatum
722 1042 930 1094 adscribit,
962 1043 1032 1096 qui
1062 1056 1157 1084 cum
1186 1044 1512 1087 numericorum

32 1136 227 1164 versuum
257 1122 469 1175 pai-odiam
496 1122 731 1170 contineat,
768 1124 950 1175 priorem
987 1123 1154 1164 fabulae
1193 1124 1361 1164 titulum
1397 1137 1512 1165 com-

33 1204 157 1244 mode
186 1203 375 1256 explicat.
434 1201 522 1241 Cfr.
554 1202 812 1242 Fritzschius
844 1205 1014 1254 Quaest.
1045 1203 1260 1255 Aristoph.
1291 1204 1309 1244 1
1339 1218 1381 1257 p.
1411 1202 1511 1246 285.

33 1283 218 1325 Alteram
255 1281 364 1321 tituli
397 1284 557 1333 partem
588 1293 828 1333 comparare
865 1283 965 1322 licet
1005 1295 1099 1323 cum
1138 1282 1410 1336 inscriptione
1446 1282 1512 1324 fa-

31 1362 156 1403 hulae
196 1361 514 1402 Aristomeneae
551 1354 765 1408 Διόνυσος
794 1355 1010 1412 ἀσκητὴς,
1048 1361 1102 1401 de
1145 1374 1227 1415 qua
1263 1361 1359 1403 vide
1401 1374 1511 1416 quae

31 1455 159 1497 supra
187 1454 230 1493 p.
260 1440 344 1479 212
375 1440 601 1481 attulimus.

144 1520 334 1572 Denique
377 1513 737 1569 Φιλοθύτην,
777 1533 856 1572 qua
896 1519 1037 1561 fabula
1067 1519 1218 1561 civium
1247 1520 1513 1574 superstitio-

33 1612 130 1641 nem
158 1604 320 1640 taxasse
350 1598 515 1639 videtur
545 1599 642 1650 (cfr.
673 1599 814 1640 Schol.
846 1601 973 1654 Vesp.
1003 1602 1080 1652 82)
1116 1600 1258 1642 laudat
1286 1601 1441 1643 Athen.
1470 1599 1513 1644 X

33 1680 91 1722 88
120 1683 164 1720 et
189 1681 342 1720 iterum
371 1678 451 1720 XV
478 1693 521 1732 p.
550 1678 673 1719 7001*
699 1680 764 1720 cll.
779 1681 952 1722 Antiatt.
980 1695 1022 1734 p.
1053 1681 1123 1730 91,
1153 1680 1385 1721 Scholiasta
1400 1681 1511 1723 Ven-

33 1759 317 1812 Aristophanis
354 1758 480 1812 Vesp.
513 1761 638 1809 1221,
676 1760 827 1800 Pollux
857 1761 915 1802 VI
946 1761 1043 1801 103.
1094 1760 1134 1801 X
1164 1760 1263 1809 115,
1300 1759 1372 1812 qui
1402 1770 1512 1813 quae

37 1850 88 1879 ex
113 1839 272 1879 incerta
299 1837 441 1879 fabula
469 1839 634 1892 profert
660 1839 719 1882 vl
749 1841 806 1880 40
837 1844 880 1880 et
907 1840 998 1892 ipsa
1028 1853 1078 1880 ex
1112 1834 1354 1896 Φιλοθύτῃ
1385 1841 1512 1884 ducta

36 1929 128 1958 esse
158 1918 279 1958 docet
306 1918 478 1959 Antiatt.
507 1933 550 1972 p.
582 1920 679 1961 loo.
747 1920 1010 1960 Incertorum
1049 1919 1282 1962 dramatum
1318 1934 1402 1962 non
1429 1920 1512 1964 nisi

34 1995 118 2038 duo
158 1997 391 2051 fragmenta
437 2003 598 2039 servata
639 2003 736 2040 sunt
780 2001 832 2040 ab
875 2000 1077 2041 Erotiano
1125 1999 1253 2055 gloss.
1303 2001 1511 2055 Hippocr.

32 2087 78 2130 p.
106 2077 190 2117 314
220 2082 263 2118 et
290 2078 463 2118 Polluce
493 2079 555 2118 111
583 2080 654 2121 76.

150 2157 450 2207 STRATTIS,
489 2158 768 2198 Atheniensis.
826 2157 962 2198 nnius
993 2162 1172 2199 aetatem
1200 2159 1442 2201 Athenaeus
1469 2157 1513 2203 X

0 2243 2 2254 ¹
36 2247 83 2287 p.
109 2234 231 2275 453c
258 2235 317 2274 ita
346 2235 506 2286 definit,
535 2240 583 2276 ut
611 2249 706 2277 eum
721 2237 851 2277 Callia
882 2236 1020 2290 paullo
1050 2238 1254 2279 minorem
1282 2239 1416 2281 fuisse
1446 2239 1512 2281 di-

40 2315 128 2362 cat,
180 2305 382 2361 Καλλίας
423 2311 580 2370 μικρὸν
623 2311 885 2369 ἔμπροσθεν
930 2310 1161 2369 γενόμενος
1203 2317 1295 2367 τοῖς
1330 2314 1511 2374 χρόνοις

0 2428 2 2438 ‚
39 2385 323 2445 Στράττιδος.
410 2394 554 2446 Itaque
597 2395 760 2436 fabulas
805 2395 957 2436 docere
1000 2398 1138 2450 coepit
1177 2398 1272 2439 fere
1304 2400 1412 2444 ‚inde
1454 2401 1508 2442 ab

0 2482 1 2485 ’
43 2471 287 2524 Olympiade
315 2472 446 2514 XCII.
507 2474 622 2514 Idem
652 2475 788 2528 attigit
815 2479 1005 2528 tempora
1035 2477 1302 2531 Sannyrionis
1332 2485 1375 2520 et
1405 2480 1509 2520 Phi-

0 2550 2 2601 ζ
41 2550 161 2603 lyllii,
204 2564 378 2604 quorum
414 2553 588 2592 alterum
626 2554 719 2607 ipse
757 2562 1051 2597 commemorat
1088 2559 1198 2611 apud
1231 2560 1508 2602 Scholiastam

40 2629 326 2684 &istophanis
355 2631 465 2672 Plut.
496 2632 622 2683 1195,
658 2634 866 2693 alterum„
896 2637 1219 2690 Sannyrionem,
1257 2640 1368 2680 ridet
1396 2639 1508 2692 apud

42 2707 301 2751 Athenaeum
328 2709 410 2753 xn
437 2722 480 2764 p.
508 2710 590 2754 551
607 2726 631 2754 c
660 2718 703 2756 et
731 2714 948 2758 Pollucem
975 2715 1016 2758 X
1045 2717 1143 2759 189.
1208 2718 1296 2760 Sed
1325 2719 1507 2763 eundem
