1702 3190
735 132 885 163 nno.
1448 123 1528 162 161

15 264 18 267 -
50 250 93 292 p.
122 235 202 278 8⁰1
244 235 294 286 B,
330 233 425 276 ubl²
442 229 595 289 Δῆμον
628 234 918 288 Aristophanis
956 233 1146 287 exemplo
1192 233 1252 275 ita
1289 232 1528 288 loquentem

48 316 210 358 inducit
226 329 240 356 ε

217 390 362 446 λαβοῦ
389 390 535 446 λαβοῦ
562 389 642 442 τῆς
664 386 807 446 χειρὸς
833 384 894 438 ὥς
921 383 1110 444 τάχιστά
1139 402 1249 443 μου·

213 471 358 527 μέλλω
388 467 638 527 στρατηγὸν
661 462 927 526 χειροτονεῖν
950 462 1208 523 Ἀγύρριον.
1244 470 1315 521 ⁹⁰)

45 552 154 595 Nam
197 566 322 606 quum
352 552 604 606 Agyrrhium
641 550 820 603 populus
860 548 1026 601 Olymp.
1067 548 1225 590 XCVII
1255 549 1297 599 3,
1339 549 1525 602 Thrasy-

45 633 146 676 buln
186 633 236 672 ab
266 628 487 684 Aspendiis
525 628 774 679 interfecto,
811 628 1001 668 Lesbiaci
1040 629 1247 669 exercitus
1284 631 1522 681 praetorem

45 711 249 751 creaverit
278 709 487 760 (Xenoph.
517 708 686 748 Hellen.
718 706 777 748 IV
807 708 834 747 8
864 707 933 757 31,
964 707 1087 748 Diod.
1117 707 1200 749 Sic.
1232 707 1336 749 XIV
1366 709 1421 748 99
1453 708 1520 748 cll.

41 786 185 829 schol.
223 787 389 828 Eccles.
430 787 535 836 102,
582 786 655 827 ubi
689 790 805 827 recte
841 786 1071 845 Meursius*
1093 786 1230 827 Lectt.
1272 788 1357 828 Att.
1395 788 1455 830 VI
1492 788 1520 829 4

37 864 198 922 Λέσβῳ
226 878 302 918 pro
332 860 501 921 Λήμνῳ
532 866 758 917 restituit),
788 865 887 906 satis
918 870 1106 919 apparet,
1135 865 1335 918 fabulam,
1366 867 1408 907 in
1439 879 1519 920 qun

37 947 142 987 istos
171 946 225 985 de
254 945 463 998 Agyri-hio
494 956 638 985 versus
667 948 845 998 poneret
874 944 1010 995 Plato,
1040 949 1137 984 ante
1168 945 1334 997 Olymp.
1360 944 1516 987 XCVII

38 1026 67 1066 3
95 1025 237 1065 doceri
265 1036 349 1063 non
378 1023 580 1076 potuisse.
647 1025 786 1076 Atque
814 1023 913 1064 hinc
942 1023 1100 1064 factum
1139 1036 1233 1064 esse
1267 1024 1435 1064 videtur
1470 1029 1517 1063 ut

36 1102 156 1144 Plato
187 1116 211 1142 a
240 1101 449 1142 nonnullis
487 1101 649 1142 mediae
679 1103 920 1143 comoediae
955 1107 1081 1157 poeta
1111 1104 1335 1143 diceretur.
1401 1102 1516 1145 vide

36 1183 298 1234 Anonymum
335 1179 388 1220 de
415 1181 532 1220 Com.
561 1194 603 1234 p.
633 1181 748 1231 XXI,
785 1182 928 1223 Schol.
966 1183 1155 1237 Dionysii
1185 1182 1364 1222 Thracis
1404 1182 1515 1235 apud

33 1259 163 1301 Bekk.
193 1257 351 1300 Anecd.
380 1258 422 1299 11
456 1271 499 1311 p.
529 1259 614 1300 749
651 1264 693 1300 et
722 1262 909 1303 Andron.
939 1263 996 1303 ib.
1027 1262 1090 1301 111
1131 1275 1174 1315 p.
1206 1261 1332 1301 1461.
1395 1262 1514 1313 Quae
1542 1272 1545 1277 ¹

32 1350 102 1379 res
131 1337 259 1377 movit
280 1338 516 1378 Fabricium
532 1325 640 1380 nihl}
654 1338 726 1380 Gr.
746 1339 786 1380 11
815 1354 857 1393 p.
886 1340 972 1382 485
1001 1341 1055 1381 ad
1083 1341 1200 1383 Sext.
1228 1341 1389 1394 Empir.
1420 1341 1512 1383 adv.

17 1417 160 1459 ‘'Rhet.
190 1416 230 1457 11
269 1430 311 1469 p.
342 1417 441 1467 2⁰6,
483 1417 667 1459 lonsium
705 1419 758 1459 de
797 1420 948 1473 Script.
986 1421 1135 1462 histor.
1172 1420 1331 1463 Philus.
1362 1421 1382 1461 Ι
1412 1421 1440 1460 7
1469 1420 1511 1471 5,

31 1496 274 1539 Eichstaedt
302 1496 355 1536 de
385 1496 579 1538 Dramate
609 1499 727 1540 Com.
756 1503 883 1552 satyr.
913 1511 956 1554 p.
986 1500 1043 1540 76
1081 1502 1124 1540 et
1161 1500 1419 1541 Creuzerum
1457 1500 1511 1541 ad

33 1566 265 1629 Olympiod.
294 1576 337 1633 in
367 1576 530 1616 Platon.
558 1577 694 1620 Alcib.
724 1577 745 1619 1
780 1591 823 1632 p.
853 1577 937 1619 157
962 1581 1010 1619 ut
1047 1579 1152 1620 duos
1182 1579 1379 1619 Platones
1408 1592 1510 1632 poe-

29 1657 94 1709 tas
132 1655 314 1695 comicos
351 1656 775 1699 comminiscerentur.
840 1657 976 1699 Recte
1014 1669 1145 1698 unum
1190 1662 1351 1699 tautum
1395 1670 1509 1699 com-

23 1738 232 1776 memorat
267 1735 477 1788 Diogenes
517 1735 655 1778 Laert.
687 1737 749 1777 111
778 1737 876 1778 109.
943 1738 1006 1778 De
1045 1737 1283 1778 domesticis
1320 1737 1508 1779 Platonis

29 1815 154 1856 rebus
197 1814 302 1855 nihil
338 1819 596 1868 compertum
633 1814 859 1867 habemus,
900 1817 980 1858 nisi
1022 1816 1135 1870 quod
1172 1816 1323 1859 Suidas
1365 1817 1449 1858 vol.
1487 1817 1507 1858 1

87 1967 159 2018 ⁸⁰)
197 1964 473 2019 Agyri-bium,
508 1965 792 2020 turpissimum
828 1966 1125 2022 demagogum‚
1164 1969 1345 2010 fortasse
1377 1969 1503 2010 etiam

137 2023 227 2062 aliis
255 2024 358 2062 locis
386 2029 605 2078 vexaverat
634 2024 769 2066 Plato.
834 2027 896 2066 Ac
935 2024 1076 2066 nescio
1106 2039 1158 2066 an
1189 2025 1300 2079 apud
1328 2027 1501 2068 Aristot.

137 2079 268 2120 Rhet.
298 2080 323 2119 1
356 2080 411 2118 16
449 2079 546 2118 οἱον
574 2076 802 2133 Εὔβουλος
837 2080 884 2121 ἐν
919 2082 1019 2135 τοῖς,
1041 2080 1342 2137 δικαστηρίοις
1373 2079 1498 2137 ἐχρή-

139 2147 252 2201 σΙατο
279 2131 393 2174 κατὰ
425 2131 659 2190 Χάρητος,
691 2128 723 2192 ᾧ
752 2134 948 2178 Πλάτων
979 2136 1070 2177 εἰπε
1100 2137 1210 2192 πρὸς
1248 2135 1498 2194 Ἀρχέβιον,

138 2186 208 2231 ὅτι
236 2189 494 2231 ἐπιδέδωκεν
522 2191 568 2231 ἐν
598 2191 654 2248 τῇ·
681 2189 806 2234 πόλει
836 2191 886 2234 τὸ
925 2191 1155 2247 ὁμολογεῖν
1191 2193 1410 2248 πονηροὺς
1439 2193 1498 2234 εἰ-

136 2258 235 2298 ναι,
270 2246 314 2288 in
350 2248 433 2287 hoc
466 2249 594 2301 igitur
622 2251 736 2298 loco,
767 2265 891 2303 quem
920 2257 1036 2292 recte
1066 2252 1232 2292 Ruhnk.
1263 2249 1372 2292 nist.
1404 2252 1496 2294 crit.

139 2305 255 2344 Orat.
283 2318 326 2357 p.
355 2304 510 2346 LXVII
541 2305 594 2346 de
623 2307 798 2347 Platone
829 2309 986 2347 comico
1017 2309 1243 2357 intellexit,
1272 2304 1413 2349 nescio
1444 2323 1495 2350 an

137 2372 215 2411 pro
244 2359 440 2400 Archibio
470 2362 666 2414 Agyrrhii
696 2377 847 2404 nomen
877 2365 1166 2416 reponendum
1204 2367 1270 2406 sit.
1340 2366 1493 2406 Simili-

136 2419 204 2455 ter
231 2415 462 2467 Agyrrhius
489 2417 533 2457 in
561 2419 733 2459 Archini
761 2433 912 2460 nomen
943 2421 1041 2460 abiit
1068 2422 1179 2473 apud
1206 2422 1348 2464 Schol.
1366 2424 1493 2463 Arist.

138 2471 245 2511 Ran.
275 2472 372 2512 367.
404 2473 570 2524 Optime
599 2479 737 2516 autem
768 2478 1015 2527 conveniunt
1042 2477 1085 2518 in
1114 2479 1366 2531 Agyrrhium
1390 2480 1494 2531 ista:

137 2524 395 2566 ἐπιδέδωκεν
430 2527 478 2567 ἐν
515 2527 571 2585 τῇ
605 2527 731 2585 πόλει
770 2530 822 2571 τὸ
852 2528 1080 2586 ὁμολογεῖν
1107 2532 1326 2590 πονηροὺς
1364 2533 1492 2586 εἶναι,

137 2584 191 2623 nd
229 2597 334 2637 quae
371 2584 494 2626 etiam
534 2587 758 2629 Proculum
795 2590 836 2630 in
866 2591 1040 2631 Hesiod.
1072 2586 1196 2646 Opp(
1216 2598 1260 2635 et
1295 2594 1395 2635 Dies
1431 2607 1492 2636 vs.

139 2641 223 2681 198
253 2642 486 2694 respexisse
512 2644 688 2697 pulchre
717 2646 819 2687 vidit
849 2647 1123 2690 Gnisfordius.

0 2699 2 2703 v
77 2725 169 2764 Rist.
192 2728 268 2764 crit.
292 2730 393 2765 Com.
415 2741 530 2775 graec·
1151 2722 1207 2767 Π
