1702 3190
496 165 720 194 uisi-omn:
751 164 1007 194 comconum.
1449 153 1505 194 17

15 249 339 322 ’Λριστοςιάνει
369 262 607 307 πολιτικῶν
635 259 868 319 ὀνομάτων
896 264 1026 305 libros
1056 266 1261 318 quinque,
1295 265 1399 307 duos
1429 265 1504 307 de-

21 348 147 399 nique
177 348 306 387 libros
343 345 444 402 περὶ
476 342 564 385 τῶν
594 341 715 399 παρὰ
747 341 956 399 Κρατίνῳ
985 341 1223 383 πολιτικῶν
1259 339 1504 399 ὀνομάτων.

22 425 106 467 Sed
134 425 284 465 horum
316 427 499 467 omnium
529 429 697 478 praeter
726 423 881 471 titulos,
914 435 1017 474 quos
1046 423 1138 475 ipse
1166 423 1362 464 indicavit
1394 426 1502 478 Opp.

7 499 70 546 ἰΤ.
103 505 160 547 1V
189 519 231 557 p.
263 507 347 545 368
387 507 482 546 Bas.
523 504 625 544 nihil
669 506 874 543 servatum
917 505 995 542 est.
1071 502 1305 543 Alexandro
1346 504 1503 543 Severo

7 583 251 637 imperante
280 585 485 625 Athenaei
515 583 794 631 chratitae,
823 585 870 621 ut
899 581 1076 630 videtur,
1107 580 1292 633 aequalis
1317 579 1398 618 fuit
1421 580 1502 619 Pa-

18 664 202 703 lamedes
219 664 446 711 Eleaticus‚
478 664 530 702 de
561 675 641 715 quo
674 662 837 702 erudite
868 660 1091 714 disputavit
1109 658 1346 699 Boeckhius
1359 656 1500 697 Praef.

16 742 136 782 Pind.
167 742 306 782 Schol.
334 755 376 794 p.
406 742 520 782 XIX.
590 741 726 781 Huius
766 735 961 792 κωμικὴν
989 735 1106 788 λέξιν
1133 719 1302 791 praeter
1331 737 1502 777 Suidam

15 820 156 862 laudat
183 821 364 874 Etymol.
397 821 457 861 M.
488 834 521 861 s.
551 834 588 860 v.
620 814 857 873 ἁρμάτειον
882 817 1014 874 μέλος
1042 831 1084 871 p.
1110 816 1216 868 145,
1246 818 1303 858 44
1336 813 1504 855 Παλα-

15 895 159 955 μήδης
190 895 407 954 ἱστορικὸς
436 899 649 949 (Boeckh.
676 894 960 950 Ἐλεατικὸς)
992 892 1016 937 ὁ
1047 893 1130 947 τὴν
1158 892 1355 949 κωμικὴν
1384 892 1503 945 λέξιν

18 975 296 1033 συναγαγών.
355 980 444 1020 Cfr.
475 979 843 1019 Hemsterhusium
875 979 926 1018 ad
955 977 1168 1031 Aristoph.
1201 978 1313 1017 Plut.
1343 976 1429 1015 313
1460 978 1502 1015 et

0 1060 339 1120 ¹Valckenarium
373 1058 425 1098 ad
464 1059 581 1098 Iliad.
623 1058 696 1098 lib.
725 1057 847 1097 XXII
886 1071 927 1110 p.
960 1058 1057 1098 158.
1138 1057 1284 1097 Tertio
1333 1055 1501 1095 saeculo

0 1121 255 1205 }caracallae
284 1138 419 1177 ferme
449 1138 703 1190 temporibus
735 1136 910 1188 Sopater
940 1136 1136 1188 Sophista
1175 1136 1219 1174 in
1249 1135 1503 1186 Eclogarum

0 1209 87 1266 nib.
120 1217 177 1259 1V
206 1221 248 1257 et
276 1218 314 1258 V
344 1217 472 1256 multa
502 1217 554 1255 de
592 1216 846 1268 tragicorum
878 1214 1215 1265 comicorumque
1252 1214 1379 1252 rebus
1416 1217 1502 1252 tra-

0 1294 193 1345 }diderass
222 1299 392 1347 praeter
412 1296 648 1336 Aristoxeni
671 1293 938 1334 miscellanea
966 1305 1066 1333 usus
1098 1306 1188 1332 eam
1218 1292 1260 1332 in
1290 1305 1380 1332 rem
1400 1292 1501 1332 Rufi

0 1371 193 1430 ἱστορίᾳ
232 1367 480 1430 δραλιιοετικῇ
519 1374 586 1414 vel
621 1368 826 1428 μουσικῇ,
866 1376 1047 1413 testante
1088 1372 1240 1411 Photio
1280 1372 1387 1412 Bibl.
1418 1372 1499 1412 161

0 1444 57 1505 gp.
77 1452 161 1491 103
187 1453 318 1494 Bekk.
377 1455 567 1506 Denique
595 1453 785 1492 incertae
816 1453 962 1491 aetatis
992 1452 1257 1503 scriptorum,
1288 1451 1501 1491 Amaranti

0 1529 285 1572 Alexandrini
303 1534 344 1584 ⁵)
373 1534 524 1573 librum
554 1530 652 1585 περὶ
683 1529 844 1580 σκηνῆς
875 1531 986 1584 apud
1015 1531 1167 1571 Athen.
1192 1530 1296 1571 VIII
1323 1542 1366 1581 p.
1383 1528 1508 1569 3431·

0 1611 63 1648 'et
90 1609 130 1649 X
158 1623 200 1661 p.
229 1610 315 1651 414
328 1611 358 1660 f,
389 1612 590 1651 Chariclis
621 1610 962 1651 commentarium
991 1607 1087 1663 :1⁶92
1119 1603 1305 1647 ἀστικοῦ
1333 1604 1503 1658 ἀγῶνος

0 1686 70 1726 ‘ab
114 1687 262 1728 eodem
298 1690 450 1732 Athen.
490 1691 592 1734 VIII
631 1704 674 1743 p.
704 1689 788 1729 350
814 1702 837 1728 c
874 1688 1112 1736 laudatum,
1162 1687 1300 1727 Latini
1346 1688 1501 1727 librum

16 1762 116 1818 περὶ
144 1762 234 1804 τῶν
262 1761 340 1806 οὐκ
365 1763 494 1807 ἰδίων
515 1763 796 1822 Μενάνδρου,
829 1767 881 1806 de
914 1780 995 1819 quo
1027 1766 1202 1805 diximus
1219 1766 1388 1817 Proleg.
1405 1766 1500 1805 Me·-

15 1843 161 1885 nandr.
202 1857 244 1896 p.
273 1845 480 1896 XXXIII,
519 1847 722 1886 Dorothei
753 1846 1021 1885 Ascalonitae
1060 1845 1259 1896 scriptum
1299 1844 1351 1883 de
1381 1844 1502 1884 Anti-

14 1922 151 1977 phane
181 1924 290 1976 apud
330 1924 482 1965 Athen.
511 1926 611 1967 XIV
647 1939 688 1978 p.
725 1926 807 1964 662
829 1923 872 1974 f,
902 1923 1170 1963 Menaechmi
1206 1923 1359 1962 librum
1400 1921 1503 1976 πὲρὶ

14 1999 218 2056 τεχνιτῶν
254 2003 297 2043 h.
338 2017 376 2044 e.
417 2004 469 2044 de
504 2004 775 2044 histrionibus
825 2002 935 2055 apud
971 2002 1126 2042 Athen.
1157 2001 1197 2041 11
1241 2015 1283 2054 p.
1316 2001 1413 2042 6511
1458 2004 1502 2042 et

16 2083 166 2124 omisso
195 2082 292 2122 libri
319 2082 470 2122 indicio
491 2083 592 2126 XIV
608 2097 649 2135 p.
664 2082 746 2122 635
762 2083 803 2122 b.
834 2080 965 2121 6371:
993 2081 1076 2120 638
1093 2095 1116 2121 a
1145 2081 1371 2131 laudatum,
1402 2082 1500 2123 Pla-

15 2161 116 2202 tonii
143 2161 331 2201 libellum
361 2161 495 2202 adhuc
512 2161 777 2214 superstitem
807 2158 906 2215 περὶ
930 2157 1151 2215 διαφορᾶς
1178 2156 1424 2214 κωμῳδιῶν
1453 2163 1497 2200 et

17 2238 98 2279 alia
123 2240 275 2292 scripta
305 2239 480 2279 aliorum
497 2239 763 2292 Aristophani
779 2241 990 2292 praemitti
1022 2238 1143 2278 solita
1161 2238 1288 2277 verbo
1306 2237 1495 2291 attigisse

17 2317 221 2367 sufficiat3
257 2329 335 2356 nec
373 2318 594 2370 quidquam
630 2321 850 2371 praeterea
887 2319 954 2358 his
984 2316 1220 2357 addendum
1248 2315 1384 2356 habeo
1413 2316 1494 2358 nisi

16 2396 207 2448 anonymi
236 2395 413 2434 auctoris
426 2395 605 2439 Lexicon
636 2399 853 2446 comicum,
884 2410 934 2437 ex
951 2409 1031 2449 quo
1060 2395 1221 2448 insigne
1251 2399 1494 2448 excerptum

16 2474 71 2517 de
91 2474 300 2514 orichalco
314 2474 490 2528 protulit
509 2475 762 2517 Scholiastes
786 2476 924 2530 Apoll.
940 2476 1024 2516 Rh.
1041 2475 1100 2518 IV
1122 2475 1220 2525 973,
1238 2475 1311 2515 ubi
1324 2475 1493 2517 titulum

59 2655 116 2707 .⁵)
144 2655 342 2695 Fortasse
363 2655 399 2694 is
425 2655 535 2695 idem
562 2659 639 2706 est,
670 2658 740 2708 qui
769 2657 811 2697 in
825 2655 1041 2697 Theocriti
1057 2655 1252 2709 Thalysia
1278 2667 1490 2696 commen-

47 2721 54 2728 ·
123 2715 234 2752 tatus
262 2717 328 2752 est
355 2715 463 2752 teste
486 2713 668 2766 Etymol.
699 2715 759 2754 M.
791 2728 833 2767 p.
863 2714 960 2763 273,
979 2714 1061 2760 40.

71 2797 162 2834 nist.
186 2800 263 2835 crit.
289 2800 389 2834 Com.
416 2811 530 2842 graec.
1191 2791 1218 2829 2
