1702 3190
246 205 329 246 214
817 216 994 243 cALmAs.
1060 216 1248 245 anenno.

245 310 455 363 λάζοντες.
522 313 769 355 Atalante
805 314 933 354 semel
972 319 1312 355 commemoratur
1349 314 1515 360 Zenob,⁴
1543 313 1601 363 lV
1635 315 1690 357 07

244 388 413 447 Κέρδος
442 383 647 442 αἰσχύνης
686 385 888 444 ἄμεινον·
928 390 1017 431 ἕλκε
1051 389 1206 445 μοιχὸν
1241 386 1301 439 εἰς
1333 386 1495 445 μυχόν;
1533 385 1693 440 ταύτης

244 467 464 523 μέμνηται
500 464 700 515 Καλλίας
734 467 781 508 ἐν
813 465 1065 525 Ἀτελεστῂ
1140 471 1271 509 Recte
1307 472 1505 510 Canterus
1544 470 1694 521 aliique

240 541 510 602 Ἀταλάιντῃ.
569 548 781 598 Frequens
811 548 1092 600 Cyclopum
1124 548 1290 597 mentio,
1320 548 1392 587 sed
1421 551 1466 586 ut
1495 547 1546 585 ad
1573 559 1694 598 argu-

243 628 426 665 mentum
454 624 618 664 fabulae
647 625 975 677 perspiciendum
1006 626 1107 663 nihil
1137 626 1233 664 inde
1254 626 1458 677 proficiam,
1488 625 1566 664 nisi
1586 624 1694 676 quod

246 702 385 742 lautae
422 703 463 742 in
495 716 542 742 ea
573 704 719 755 epulae
750 702 978 741 celebratae
1017 715 1109 741 esse
1146 703 1348 747 videntur,
1417 703 1525 741 Hinc
1562 702 1694 753 suspi-

243 781 327 820 cari
363 780 462 819 licet
499 780 550 819 ad
580 781 780 832 Cyclopas
818 782 940 819 etiam
976 780 1053 818 alia
1084 780 1238 819 Calliae
1279 780 1508 832 fragmenta
1544 780 1694 820 omis-o

242 858 408 897 fabulae
445 858 611 897 nomine
648 859 697 896 ab
732 858 945 898 Athenaeo
975 857 1014 896 11
1051 872 1091 909 p.
1121 858 1214 898 57³
1251 863 1292 898 et
1329 858 1542 897 Clemente
1578 858 1694 899 Alex.

240 936 323 976 Str.
354 936 412 977 V1
442 948 482 987 p.
513 936 594 974 264-
624 942 782 975 servata
811 935 1027 975 referenda
1058 948 1163 975 esse.
1221 936 1406 975 Eandem
1435 934 1613 973 fabulam
1643 935 1694 974 ab

239 1013 330 1052 aliis
375 1012 505 1052 Diocli
544 1014 737 1053 tributam
774 1014 929 1062 fuisse,
968 1013 1089 1052 docet
1125 1013 1362 1053 Athenaeus
1393 1012 1449 1054 IV
1484 1025 1526 1065 p.
1556 1012 1638 1051 140
1656 1026 1693 1054 e.

237 1090 319 1132 V11
355 1103 395 1141 p.
427 1090 508 1128 300
526 1103 562 1130 a.
603 1090 683 1131 ΧΠ
720 1104 759 1142 p,
789 1091 871 1130 524
887 1091 918 1131 f.
960 1091 1040 1130 667
1059 1090 1098 1132 d.
1172 1090 1219 1131 In
1256 1083 1478 1137 Πεδήταις
1514 1090 1696 1142 Lampo-

239 1179 336 1207 nem
371 1166 612 1218 Euripidem
651 1168 861 1207 Socratem
890 1169 1131 1208 Acestorem
1171 1171 1213 1207 et
1246 1166 1519 1207 Melanthium
1555 1168 1699 1208 tradu-

241 1248 329 1284 ctos
363 1244 492 1284 fuisse
531 1257 554 1283 e
590 1244 830 1296 fragmentis
868 1246 1117 1298 perspicitur
1156 1245 1266 1296 apud
1299 1245 1557 1285 Athenaeum
1593 1246 1695 1288 VIII

239 1334 283 1374 p.
315 1322 399 1361 344
416 1335 452 1370 e,
483 1321 754 1361 Scholiastam
782 1323 1066 1375 Aristophanis
1097 1324 1170 1364 Av.
1187 1323 1256 1364 31.
1286 1322 1366 1361 151
1397 1326 1438 1362 et
1468 1323 1695 1376 Diogenem

240 1399 451 1438 Laertium
492 1400 531 1438 ΙΙ
569 1399 636 1439 18.
710 1399 929 1440 Praeterea
969 1405 1311 1439 commemoratur
1349 1414 1371 1439 a
1409 1401 1579 1441 Polluce
1615 1402 1694 1444 VII

242 1477 339 1525 113,
377 1477 624 1529 Etymologo
657 1477 715 1519 M.
754 1491 796 1529 p.
826 1478 906 1516 301
945 1477 1014 1526 55,
1052 1478 1262 1516 Athenaeo
1295 1477 1350 1518 IV
1380 1491 1421 1529 Ρ.
1451 1479 1532 1517 176
1547 1478 1577 1528 f,
1607 1479 1695 1518 for-

241 1557 352 1594 tasse
388 1555 509 1594 etiam
548 1555 774 1593 Scholiasta
811 1555 992 1594 Platonis
1031 1556 1158 1595 Bekk.
1194 1568 1234 1606 p.
1271 1555 1368 1595 391.
1442 1556 1535 1596 vid.
1572 1569 1702 1608 supra,

241 1643 285 1684 p.
327 1632 422 1671 182.
488 1634 727 1672 Ceterarum
784 1646 882 1684 quas
927 1632 1072 1671 Suidas
1120 1636 1411 1672 commemorat
1465 1632 1702 1675 fabularum:

242 1709 347 1749 nihil
376 1710 579 1761 reliquum
610 1716 684 1751 est«.
749 1712 803 1750 At
832 1711 987 1760 eidem,
1018 1716 1062 1750 ut
1093 1711 1275 1760 videtur,
1313 1710 1467 1749 Calliae
1487 1711 1702 1760 'tribuitur2

243 1783 532 1839 Γραμματικὴ
571 1783 804 1843 τραγῳδία.
872 1787 967 1830 Vid.
1002 1789 1240 1828 Athenaeus
1279 1788 1357 1828 Vll
1394 1801 1434 1839 p.
1471 1788 1554 1827 276
1583 1801 1620 1828 a.
1657 1788 1702 1829 X⁴

243 1865 369 1905 448b
405 1868 447 1905 et
474 1879 516 1918 p.
544 1866 627 1906 453
644 1879 679 1906 c.
746 1866 830 1907 Sed
867 1866 919 1906 de
954 1866 1035 1908 hoc
1073 1867 1223 1918 scripto
1260 1867 1396 1906 nullus
1429 1866 1498 1907 hic
1534 1866 1702 1908 dicendi.

243 1941 361 1983 locus
392 1947 467 1982 est.
1697 1974 1702 1987 ³

356 2021 622 2072 HEGEMO,
659 2020 857 2070 Thasius,
914 2020 1069 2061 Cratini
1106 2021 1356 2072 senescentis
1395 2024 1437 2059 et
1474 2021 1702 2064 Alcibiadis}

245 2097 453 2148 aequalis,
490 2102 535 2137 ut
565 2104 724 2138 constat
754 2113 803 2138 ex
833 2099 1047 2142 Athenaeo
1077 2099 1154 2146 XV
1191 2113 1234 2151 p.
1264 2100 1346 2138 698
1366 2111 1388 2138 c
1425 2101 1466 2138 et
1496 2098 1700 2140 Chamae-f

244 2174 385 2214 leonte
414 2175 522 2226 apud
553 2177 727 2216 eundem
760 2176 816 2215 IX
846 2190 886 2228 p.
915 2176 997 2215 406
1016 2190 1053 2218 e.
1120 2177 1324 2229 Antiquae
1358 2178 1595 2217 comoediae
1623 2178 1702 2218 ad·-

246 2253 442 2303 scriptum
472 2253 602 2293 fuisse
630 2267 652 2294 a
682 2254 884 2293 nonnullis
915 2255 1067 2294 diserte
1098 2256 1319 2294 memoriae
1348 2256 1485 2306 prodit
1509 2256 1658 2298 Athen.
1674 2255 1697 2298 >1

245 2342 288 2382 p.
316 2330 384 2369 51»
419 2325 624 2382 Ἡγήμων
664 2327 687 2370 ὁ
721 2328 882 2378 Θασιος
919 2327 943 2372 ὁ
977 2329 1231 2381 ἐπικληθεὶς
1264 2331 1414 2382 Φακῆ,
1451 2327 1505 2383 ὃν
1539 2330 1593 2389 τῇ
1619 2327 1702 2388 ἆρέ

244 2404 355 2462 χαίᾳ
393 2405 599 2463 κωμῳδίᾳ
632 2410 744 2455 τινὲς
778 2405 1077 2460 ἐντάττουσιν,
1125 2412 1248 2452 credo
1285 2416 1456 2464 propter
1493 2411 1702 2467 Philinum}

247 2483 442 2534 fabulam,
472 2487 523 2526 de
553 2500 631 2538 qua
660 2488 717 2527 ita
745 2489 983 2529 Athenaeus
1012 2489 1088 2531 XV
1116 2503 1157 2542 p.
1188 2491 1306 2529 699a
1334 2488 1520 2542 γέγραφε
1550 2488 1595 2529 δὲ
1621 2488 1697 2532 καὶ

248 2558 483 2616 κωμῳδίαν
519 2558 578 2611 εἰς
617 2561 694 2603 τὸν
734 2560 915 2620 ἀρχαῖον
943 2561 1128 2618 τρόπον,
1165 2560 1222 2615 ἣν
1249 2563 1538 2623 ἐπιγράφουσι
1571 2475 1702 2625 ‘Duff-i

248 2648 344 2688 νην,
373 2640 444 2680 ubi
474 2642 543 2692 qui
578 2642 736 2683 dicatur
765 2639 789 2683 ὁ
817 2638 995 2697 ἀρχαῖος
1015 2637 1173 2697 τρόπος
1193 2646 1467 2699 intelligerem
1492 2628 1702 2765 equidm

249 2718 285 2757 si
313 2731 443 2758 novae
473 2721 708 2761 comoediae
738 2722 988 2773 temporibus
1017 2723 1183 2763 vixisset
1202 2725 1404 2778 Hegemo,
1433 2724 1605 2776 quemad

1690 2842 1695 2875 ί

1688 2889 1692 2949 ὲ

1684 2963 1702 3103 ἓ,

1678 3095 1702 3190 l
