1702 3190
222 163 307 208 83⁰
803 174 1075 204 unvanus.

223 272 401 325 tiphanis
430 283 578 312 nomen
607 272 890 325 reponendum
929 274 1102 315 videtur.
1168 276 1254 317 Csr.
1283 277 1467 319 Dindorl'.
1497 277 1549 318 ad
1576 279 1664 321 Ari-

224 350 360 402 stoph.
393 350 556 401 Fragm.
594 363 635 403 p.
666 353 705 392 9.
770 351 833 392 Ad
871 352 1046 392 eundem
1085 353 1219 393 locum
1257 355 1472 395 referenda
1508 355 1665 396 videtur

223 428 358 481 glossa
390 428 524 466 Photii
553 427 649 468 Lex.
689 443 728 480 p.
761 430 842 468 173
875 430 927 468 14
969 427 1152 477 Κνηστά
1193 427 1382 484 λαχαναι
1422 429 1476 471 τὰ
1514 445 1664 484 συγκο-

222 501 325 546 πτά.
396 506 590 546 Eiusdem
630 507 736 545 tituli
773 507 911 546 fabula
948 507 1160 548 ferebatur
1200 511 1371 562 Sophili.
1437 510 1664 551 DodonIs

222 584 273 623 ad
308 586 447 635 partes
484 589 652 624 vocatur
687 585 837 625 Athen.
882 586 961 626 XII
998 600 1039 638 p.
1080 587 1217 637 52611,
1265 588 1335 627 ubi
1373 587 1494 639 vulgo
1533 588 1665 628 editur

217 656 493 714 Ἀντιφάνης
535 656 733 717 Δωδώνῃ,
781 664 854 702 sed
896 661 939 702 ,B
979 662 1167 714 Δωδῶνι,
1212 666 1320 718 quod
1366 666 1409 704 in
1444 660 1668 706 Δωδωνίδι

219 720 457 779 mutandum
501 739 676 793 videtur.
751 742 1089 792 Epidaurium
1128 744 1325 782 habemus
1367 743 1474 794 apud
1508 743 1666 785 Polluc.

219 817 279 857 lx
308 818 361 855 99
393 820 434 854 et
449 817 1022 860 Grammatic.Bekk.Anecd.
1053 834 1091 872 p.
1122 822 1204 860 454
1237 822 1303 860 32.
1333 821 1490 860 Eadem
1519 821 1666 859 vitiose

218 894 514 947 Epidaurus
558 894 705 934 dicitur
746 895 954 937 Antiattic.
994 911 1034 949 p.
1078 899 1132 937 98
1175 900 1242 948 28.
1321 898 1560 949 Ephesia
1602 901 1666 937 est

219 973 328 1025 apud
372 972 593 1012 stobaeum
623 973 735 1012 Flor.
767 973 860 1013 le
890 975 915 1012 6
952 978 993 1013 et
1022 977 1277 1027 Apostolium
1306 975 1405 1016 VIII
1435 975 1503 1015 37.
1569 975 1666 1014 Co-

216 1051 425 1094 rinthia
470 1050 578 1101 apud
623 1050 879 1090 Athenaeum
916 1052 976 1091 III
1022 1067 1062 1104 p.
1093 1053 1148 1092 95
1164 1053 1195 1093 f.
1268 1052 1512 1092 Lemnias
1554 1051 1666 1095 idem

216 1128 356 1169 laudat
383 1126 442 1168 VI
479 1140 519 1178 p.
549 1127 684 1174 23011,
725 1127 803 1167 nisi
846 1127 950 1167 haec
992 1143 1016 1169 e
1059 1130 1333 1182 mythologico
1377 1142 1530 1181 genere
1571 1129 1664 1174 fuit.

217 1205 527 1248 Leucadium
556 1206 707 1245 Athen.
739 1206 777 1245 II
816 1219 856 1258 p.
889 1207 942 1246 68
957 1221 992 1255 a,
1034 1208 1178 1247 Pollux
1208 1208 1264 1248 VI
1295 1208 1347 1246 66
1383 1212 1426 1247 et
1454 1208 1600 1249 Suidas
1628 1221 1662 1249 s.

217 1297 257 1328 v.
286 1278 528 1335 ἀνάριστος.
562 1283 757 1335 Lydum
786 1283 985 1324 habemus
1014 1286 1122 1337 apud
1135 1285 1445 1326 AthenaeumX
1474 1300 1514 1338 p.
1529 1286 1613 1326 545
1626 1299 1663 1327 e.

216 1360 497 1408 Ponticum
525 1361 624 1400 ibid.
657 1362 733 1402 VII
762 1375 802 1413 p.
832 1363 914 1402 302
931 1362 960 1402 f.
1019 1364 1178 1403 Eodem
1208 1363 1326 1402 titulo
1353 1363 1572 1415 inscriptae
1599 1364 1664 1405 fe,

216 1440 412 1482 rebantur
451 1438 615 1478 fabulae
644 1439 822 1479 Alexidis
860 1444 902 1479 et
930 1441 1148 1492 Epigenis,
1190 1453 1358 1492 quarum
1396 1441 1504 1492 quod
1541 1454 1664 1494 argu·

216 1522 399 1568 mentum
427 1516 552 1559 fuerit
582 1517 762 1558 divinare
791 1517 900 1565 licet,
930 1518 964 1556 si
995 1518 1228 1557 memineris
1258 1517 1463 1565 Ponticos,
1491 1531 1664 1569 quorum

214 1596 404 1648 plerique
434 1599 689 1634 mercaturae
727 1608 847 1634 causa
878 1595 1026 1644 (erant
1056 1595 1146 1635 fere
1175 1594 1494 1646 salsamentarii)
1523 1597 1589 1635 vel
1617 1599 1664 1638 ut

218 1672 558 1726 philosophorum
587 1672 738 1712 scholis
768 1674 1026 1722 interessent,
1059 1673 1229 1714 Athenis
1259 1673 1543 1722 versabantur,
1571 1673 1663 1715 fere

215 1750 394 1791 ludibrio
423 1751 582 1790 habitos
612 1763 702 1790 esse
733 1753 782 1793 ab
812 1753 1082 1792 nasutioribus
1112 1750 1440 1791 Atheniensibus.
1478 1752 1540 1790 Eo
1567 1765 1663 1804 spes-

216 1834 304 1871 ctat
332 1829 586 1871 Antisthenis
622 1829 794 1878 dictum,
833 1831 902 1882 qui
938 1825 1044 1883 πρὸς
1090 1825 1140 1868 τὸ
1176 1825 1398 1869 Ποντικὸν
1443 1823 1664 1883 μειράκων
1680 1868 1690 1890 ·.

217 1905 376 1960 μέλλον
415 1903 575 1959 ᾳοιτᾶν
610 1902 727 1962 αὐτῷ
755 1908 836 1949 ἲκαὶ
875 1902 1215 1960 πυνθανόμενον
1255 1902 1387 1946 τίνων
1429 1901 1548 1962 αὐτῷ
1585 1900 1689 1958 3⁶an

215 1981 322 2038 ἔφη’
361 1982 654 2038 ,Βιβλιδαρίου
681 1984 835 2025 καινοῦ
863 1986 939 2027 καὶ
967 1981 1180 2039 γραφείου
1208 1983 1361 2025 καινοῦ
1389 1983 1462 2023 καὶ
1492 1997 1690 2043 πινακιι-ῥ-Ι

216 2058 315 2105 δίου
343 2058 507 2107 καινοῦ,
540 2058 616 2100 τὸν
647 2060 749 2102 νοῦν
778 2060 1094 2118 παρεμφαίνων
1121 2065 1291 2116 Diogen.
1321 2064 1457 2103 Laert.
1479 2064 1538 2105 VI
1566 2064 1587 2103 1
1621 2045 1690 2111 διξ

216 2143 374 2195 Quibus
403 2141 508 2181 adde
538 2141 757 2185 Stratonici
784 2143 935 2183 dictum
964 2142 1071 2195 apud
1086 2143 1340 2184 Athenaeum
1355 2142 1454 2182 VIII
1483 2155 1524 2194 p.
1544 2141 1624 2182 351
1638 2147 1687 2200 ιζ

215 2225 260 2264 ‚et
304 2220 570 2261 Gnathaenae
623 2221 731 2272 apud
772 2221 1019 2262 Machonem
1067 2221 1268 2261 Athenaei
1311 2220 1410 2259 XIII
1451 2234 1491 2272 p.
1533 2201 1684 2274 58⁰1.ssss

216 2299 438 2352 Scythas
476 2299 561 2340 vel
599 2299 806 2342 Tauros
845 2299 966 2340 affert
1003 2298 1146 2339 Pollux
1183 2298 1260 2338 VII
1297 2296 1351 2336 59
1393 2292 1672 2351 Ἀντιφάνησξ,

215 2374 262 2415 ἐν
289 2371 492 2423 Σκύθαις
522 2370 548 2424 ἢ
583 2371 781 2432 Ταύροις,
810 2377 884 2416 sed
912 2376 1148 2418 Athenaeus
1172 2375 1230 2416 VI
1260 2388 1300 2427 p.
1328 2375 1447 2414 243⁶
1477 2378 1519 2415 et
1544 2359 1663 2417 2471*

212 2448 488 2508 Ἀντιφάνης
516 2452 564 2493 ἐν
590 2449 775 2509 Σκύθῃ,
817 2455 945 2495 altera
974 2454 1082 2494 tituli
1110 2456 1226 2506 parte
1257 2454 1416 2493 omissa.
1474 2454 1655 2506 Denique

215 2532 521 2584 Tyrrhenus
551 2533 737 2573 laudatur
766 2533 916 2578 Athen.
946 2532 1024 2574 VII
1054 2545 1093 2583 p.
1123 2531 1203 2571 329
1225 2545 1261 2571 e.
1321 2532 1380 2571 Ita
1410 2533 1518 2572 enim
1546 2535 1656 2572 recte

215 2609 288 2651 PV
333 2623 405 2661 pro
449 2611 611 2662 vulgato
662 2607 929 2664 Τυρρηνικῷ,
986 2609 1094 2662 quod
1151 2622 1292 2649 omnes
1348 2610 1458 2650 libri<
1495 2610 1654 2650 semu

216 2700 256 2739 p.
286 2687 368 2727 240
380 2686 411 2727 f.
