1702 3190
607 161 903 193 annorumve.
1413 148 1499 192 241

19 268 154 314 ndens
177 266 256 310 IX
272 279 315 321 p.
345 260 485 308 8996.
524 262 564 306 X
592 263 730 315 423³,
767 261 918 305 Pollux
949 260 1009 306 lx
1036 261 1107 305 59.
1172 255 1505 312 Καπηλίδες,

20 349 240 462 quinquies
269 346 505 387 laudantur.

87 427 282 469 -Μοάἱ
306 425 547 466 memoriam
577 423 779 464 debemus
801 419 1015 462 Athenaeo
1031 418 1092 460 XI
1121 431 1163 472 p.
1193 419 1277 461 481
1303 419 1457 462 (1.485
1474 433 1500 463 c

24 509 70 550 et
99 506 358 548 Scholiastae
388 503 556 544 Pindari
586 502 708 555 Pyth.
742 500 782 540 11
811 498 881 540 75.

47 583 92 613 s*
134 586 327 626 Nemea
340 596 404 632 m,
452 581 561 634 quod
600 578 831 620 meretricis
869 590 1021 619 nomen
1059 574 1161 628 fuit,
1197 581 1496 618 commemorat

22 665 262 708 Athenaeus
287 661 359 702 'X'I-
377 673 423 712 p.
447 658 578 702 4701.

111 731 466 787 ῑ’οδ.υσσε.ύς,,
490 749 612 790 quam
649 746 757 778 unus
798 735 981 778 omnium
1011 734 1161 776 Pollux
1189 734 1269 778 Vll
1299 736 1357 777 74
1394 736 1499 779 Cra-

19 822 154 864 tineae
182 819 348 859 fabulae
376 817 542 857 titulum
572 817 616 859 in
646 816 782 856 animo
813 815 972 855 habens
998 808 1235 862 Ὀδυσσεῖς
1263 815 1378 865 dixit,
1406 815 1497 856 lau-

18 900 142 941 datur
169 897 387 938 Athenaeo
415 896 475 937 VI
505 895 602 946 165,
634 895 835 937 Erotiano
866 908 906 948 p.
926 895 1010 936 244
1041 898 1084 935 et
1113 894 1372 936 Scholiastae
1401 894 1500 936 Ari-

21 978 232 1032 stophanis
269 975 398 1028 vesp.
439 975 573 1025 13373
623 975 697 1016 sed
736 988 787 1016 ex
825 974 972 1015 eadem
1010 974 1153 1014 fabula
1196 987 1279 1015 non
1318 974 1498 1014 dubitari

19 1061 154 1115 potest
184 1055 282 1110 quin
310 1055 417 1096 haec
446 1055 556 1109 apud
578 1054 845 1096 Eustathium
874 1067 916 1106 p.
950 1053 1063 1093 1863
1090 1055 1146 1094 49
1179 1054 1363 1096 derivata
1391 1054 1498 1095 sint:

35 1143 85 1181 ‚st
170 1155 172 1157 >
776 1127 943 1186 χιτῶνά
970 1145 1048 1186 μοι

242 1210 388 1269 φέρων
417 1210 611 1261 δέδωκας
640 1207 890 1262 δαιδάλεον,
914 1203 967 1252 ὅν
995 1206 1159 1269 ᾔκασεν

241 1287 394 1349 ἄρισθ’
418 1285 619 1347 “Ὀμηρος
646 1287 876 1348 κρομμύου
901 1287 1141 1349 λεπυχάνῳ,

24 1378 128 1428 quae
157 1372 287 1426 ipsius
318 1373 450 1414 Ulixis
480 1373 606 1413 verba
635 1376 745 1415 sunt.

30 1467 47 1499 ᾳ
131 1449 340 1500 Παῖδες
385 1453 594 1506 prioribus
634 1455 784 1505 poetae
828 1450 979 1492 fabulis
1020 1449 1277 1495 accensenda
1319 1448 1499 1499 videtur,

22 1531 226 1586 siquidem
258 1532 535 1585 Laespodiam
574 1532 619 1572 in
660 1545 709 1572 ea
746 1535 935 1572 vexatum
974 1544 1065 1572 esse
1104 1531 1227 1570 docet
1265 1528 1502 1569 Scholiasta

21 1612 96 1654 Av.
126 1611 252 1652 1568.
321 1611 534 1652 Laudatur
562 1614 783 1664 praeterea
822 1612 872 1651 ab
904 1610 1134 1663 Hephaest.
1162 1622 1205 1662 p.
1235 1609 1291 1650 76
1328 1613 1371 1647 et
1399 1606 1501 1648 Pol-

21 1689 117 1733 luce
143 1691 224 1734 V11
255 1692 322 1732 66.
362 1691 401 1732 X
430 1692 529 1733 181.

48 1794 67 1811 ,ιγ
134 1770 448 1824 Pamphilae
484 1772 565 1812 tria
594 1773 818 1823 supersunt
861 1768 1107 1821 fragmenta.
1181 1767 1270 1807 Nee
1299 1766 1501 1818 frequen·

25 1848 106 1893 tior
131 1851 333 1891 memoria
372 1850 766 1899 Pantaleontis,
808 1849 862 1889 de
898 1849 1015 1888 cuius
1057 1850 1227 1887 auctore
1267 1846 1500 1895 dubitatum

29 1930 303 1971 osse-..indicat
332 1930 481 1971 Pollux
510 1930 549 1970 X
578 1930 648 1970 41.
720 1930 883 1970 Nomen
912 1926 1054 1968 fabula
1083 1925 1249 1966 dux-isse
1279 1926 1446 1965 videtur
1474 1937 1500 1966 a

25 2007 148 2061 plano
175 2010 249 2054 illo
278 2009 569 2059 famosissimo,
602 2010 654 2049 de
686 2021 766 2061 quo
798 2009 884 2061 egit
912 2007 1152 2049 Athenaeus
1167 2005 1268 2046 XIV
1295 2018 1338 2058 p.
1359 2005 1442 2051 616
1460 2018 1498 2045 a.

26 2087 74 2130 In
104 2089 279 2129 eundem
310 2089 505 2141 scriptam
543 2089 676 2145 fuisse
713 2089 900 2128 existimo
931 2087 1082 2139 Lysiae
1121 2084 1351 2125 orationem
1390 2078 1501 2136 πρὸς

0 2173 1 2179 ’
26 2163 346 2206 Πανταλέοντα
375 2166 581 2205 laudatam
602 2167 764 2208 Polluci
795 2167 852 2208 IV
883 2167 910 2205 3
940 2170 981 2205 et
1001 2164 1210 2205 Antiattic.
1240 2176 1282 2216 p.
1315 2163 1401 2201 100
1429 2163 1497 2202 16.

0 2252 2 2263 ’
29 2244 93 2285 Ab
122 2244 205 2283 hoc
233 2243 420 2284 diversus
450 2243 580 2283 fuisse
609 2244 774 2283 videtur
813 2243 1002 2296 isquem
1039 2241 1148 2282 inter
1175 2240 1394 2294 primarios
1426 2254 1499 2282 cu-

0 2318 140 2363 'linae
176 2326 364 2363 auctores
403 2327 592 2363 numerat
631 2324 780 2364 Pollux
810 2323 869 2365 Vl
899 2322 972 2362 71.
1035 2321 1098 2361 Ab
1135 2325 1313 2373 utroque
1353 2321 1498 2362 distin-

0 2381 2 2418 Ξ
33 2400 220 2456 guendus
263 2404 338 2441 est*
370 2400 596 2453 Cleagorae
647 2403 757 2442 filius
802 2402 851 2442 ab
896 2400 1103 2441 Aeschine
1148 2411 1184 2440 c.
1229 2400 1498 2445 Timarchum

0 2460 3 2496 ἱ
32 2481 189 2534 μ’ὃθθ
219 2480 348 2520 Bekk.
380 2486 736 2521 commemoratus.
803 2483 865 2522 De
894 2480 1017 2534 plano
1045 2480 1118 2520 illo
1149 2478 1344 2532 cogitavit
1374 2481 1498 2525 etiam

0 2558 3 2575 ²
38 2558 348 2611 Th.·13ergkius
378 2557 510 2610 Epist.
543 2561 595 2600 ad
623 2560 871 2600 Schillerum
901 2573 942 2612 p.
971 2559 1067 2600 136.

30 2651 72 2674 v
146 2639 209 2678 De
251 2640 494 2690 argumento
534 2638 856 2692 Penelopae,
895 2652 1014 2691 quam
1052 2636 1222 2679 laudant
1259 2638 1499 2680 Athenaeus

35 2714 161 2769 lev-p.
192 2716 274 2756 153
290 2715 319 2756 f.
360 2715 458 2757 XIV
486 2727 528 2768 p.
558 2717 639 2764 657
657 2731 680 2758 a
717 2722 759 2758 et
788 2719 1087 2761 Grammaticus
1123 2718 1303 2779 Bekkeri
1324 2716 1499 2758 rAnecd.

91 2803 181 2840 nist.
206 2804 279 2840 crit.
306 2805 404 2839 Com.
429 2815 542 2847 graec.
1165 2795 1220 2834 16
