1702 3190
549 160 709 191 aunxis.
779 159 950 190 urnis.
1397 147 1484 190 4⁰8

13 260 216 321 paviae
253 262 447 306 laudatur
481 262 592 315 apud
629 261 853 303 stobaeum
900 259 1036 301 Serm.
1073 260 1209 304 CXIX
1248 259 1304 302 15
1346 263 1391 302 et
1438 261 1484 303 ni

16 346 249 389 coniectura
283 341 391 382 fallit
430 341 540 395 apud
577 341 837 382 Athenaeum
871 337 975 379 XIII
1025 352 1067 392 p.
1096 339 1180 380 562
1197 339 1229 381 f.
1305 337 1484 381 Φιλα-

15 419 251 474 θήναιον
279 422 480 462 habemus
510 420 618 474 apud
643 420 812 461 Antiatt.
842 432 883 472 p.
915 417 1011 458 111.
1045 418 1143 459 112.
1206 414 1485 459 Φιλίσκον

15 503 122 558 apud
151 502 303 544 Athen.
333 501 432 542 XIV
461 515 502 554 p.
533 500 616 540 642
634 499 664 539 f.
729 492 1048 543 Φιλόκαλος
1075 489 1104 545 ἢ
1132 491 1367 551 Νύμφαι
1393 500 1486 540 lau-

14 583 135 623 datur
164 581 379 621 Athenaeo
410 579 510 621 VIII
548 591 590 630 p.
618 576 700 616 365
716 577 757 618 b.
827 572 1263 631 Φιλοτραγῳδὸς
1300 577 1484 619 Stobaeo

16 661 149 702 Serm.
180 659 314 701 CVIII
351 658 421 698 52.
494 653 750 696 Φιλοῦσα
789 656 1006 696 Athenaeo
1041 654 1081 695 X
1116 668 1158 707 p.
1187 655 1330 698 4191).
1379 656 1484 697 XIII

13 753 57 793 p.
85 739 168 779 574
184 739 223 778 b.
288 732 435 790 Φρὺξ
461 736 560 776 ibid.
589 735 669 778 VII
698 749 740 788 p.
772 735 855 775 307
873 748 911 784 e,
949 734 1067 775 cuius
1095 735 1364 775 instauratam
1395 735 1484 775 edi-

13 817 165 859 tionem
193 816 323 855 fuisse
354 815 475 854 docet
502 815 612 854 idem
643 804 885 855 Athenaeus
915 814 954 854 X
984 827 1025 867 p.
1055 814 1140 854 429
1159 827 1198 863 e,
1234 815 1306 855 ubi
1341 814 1485 855 lauda-

13 899 82 937 tm-
107 891 186 934 τοῦ
219 889 416 948 Φρυγίου
445 887 676 942 διασκευή,
710 906 758 933 ex
790 905 870 946 quo
902 894 1093 933 coniicias
1123 894 1264 946 priore
1298 894 1392 934 loco
1423 894 1487 934 le·

0 974 192 1028 ¹gendum
222 985 315 1015 esse
344 968 520 1026 '‘Azagcg
554 967 733 1027 Φρυγίῳ
763 985 840 1026 pro
869 966 1049 1022 ’'Aaegoeg
1083 968 1239 1026 Φρυγί.
1304 968 1489 1024 Φυγὰς

0 1052 204 1094 {laudatur
231 1054 449 1095 Athenaeo
479 1053 537 1094 IV
565 1066 608 1105 p.
639 1053 721 1092 164
738 1052 769 1093 f.
803 1053 861 1094 Vl
891 1065 932 1105 p.
963 1053 1047 1091 229
1066 1050 1106 1091 b.
1165 1052 1352 1104 Denique
1385 1050 1487 1092 Xo-

0 1130 174 1187 .ρ»ηγὶς
201 1131 256 1172 ib.
287 1132 367 1173 VII
397 1145 438 1184 p.
467 1133 550 1172 287
568 1131 600 1181 f,
629 1131 748 1171 cuius
777 1132 944 1172 fabulae
973 1131 1140 1170 titulum
1169 1130 1225 1170 de
1253 1132 1489 1184 choi-aga

0 1211 310 1264 *interpretatur
347 1211 793 1264 Schweighaeuser-us:
840 1208 1018 1250 fortasse
1055 1214 1193 1258 recte,
1237 1223 1488 1262 quamquam

0 1290 281 1343 lGhoregis
311 1291 432 1330 etiam
465 1291 650 1330 mulieris
682 1302 830 1329 nomen
862 1288 958 1338 fuit,
987 1293 1034 1329 ut
1063 1293 1223 1329 constat
1252 1303 1302 1329 ex
1331 1290 1487 1331 Athen.

0 1369 73 1412 iffi
99 1382 141 1422 p.
170 1369 257 1409 577
275 1381 311 1418 c,
349 1370 421 1409 ubi
451 1369 790 1422 Aristophontem
821 1367 1022 1409 habemus
1051 1365 1097 1407 ἐκ
1129 1364 1381 1422 Χορηγίδος
1408 1365 1490 1417 τῆς

0 1443 186 1504 ἱὲταίρας
220 1443 635 1500 παιδοποιούμενον.
695 1449 834 1499 'Quam
873 1451 1089 1499 praeterea
1118 1448 1334 1488 Fabricius
1372 1461 1489 1487 eom-

0 1512 214 1570 *memorat
241 1527 422 1567 fabulam
459 1523 900 1579 Ψευδυποβολιμαῖος
928 1527 1182 1579 inscriptam,
1212 1541 1261 1568 ea
1291 1540 1372 1568 nou
1388 1528 1490 1568 Ale·

13 1608 118 1648 xidie
146 1607 227 1646 fuit
254 1606 329 1646 aed
359 1607 540 1659 Crobyli.
599 1607 650 1648 V.
680 1606 942 1647 Athenaeum
975 1606 1034 1646 III
1063 1619 1105 1658 p.
1137 1606 1220 1645 107
1236 1619 1273 1646 e.

126 1685 354 1727 AMPHIS.
428 1686 491 1726 De
539 1686 620 1726 hoc
660 1686 718 1725 ita
757 1686 900 1726 scribit
936 1679 1152 1725 Fabricius
1188 1684 1296 1724 Bibl.
1333 1684 1407 1724 Gr.
1446 1683 1490 1724 II

12 1779 55 1820 p.
83 1765 181 1806 410.
237 1763 470 1816 «Amphis,
507 1764 784 1818 Amphicratis
814 1765 947 1814 filius,
986 1768 1109 1816 poeta
1139 1763 1291 1803 veteris
1321 1775 1489 1802 comoe-

14 1845 163 1893 «ἅδε,
202 1843 519 1884 Atheniensis.»
592 1844 892 1886 Atheniensem
939 1842 1069 1883 fuisse
1119 1842 1290 1883 tradidit
1334 1840 1487 1883 Suidae

8 1916 51 1965 'aa
76 1936 115 1964 v.
156 1917 348 1976 ”Λμφις.
422 1923 507 1963 Sed
544 1924 597 1963 de
634 1924 902 1976 Amphicrate
938 1926 1057 1976 patre
1097 1935 1220 1962 nemo
1260 1921 1486 1974 quidquam

14 2001 236 2043 memoriae
265 2002 462 2055 prodidit.
521 2003 721 2043 Error-em
751 2002 921 2043 fluxisse
951 2005 1050 2055 puto
1082 2014 1107 2041 e
1135 2001 1323 2053 Diogene
1346 2000 1486 2041 Laert.

14 2079 78 2121 111
105 2081 175 2130 2⁷,
203 2082 275 2121 ubi
303 2081 523 2134 Amphidis
552 2081 693 2122 fabula
727 2075 1064 2136 Ἀμφικράτους
1092 2080 1260 2120 nomine
1289 2079 1489 2131 inscripta

13 2157 218 2199 laudatur.
297 2160 444 2211 Neque
496 2160 632 2199 verius
671 2162 823 2201 veteris
864 2161 1103 2201 comoediae
1146 2162 1312 2212 poetam
1356 2156 1488 2197 fuisse

4 2228 182 2287 leedpsit
211 2236 439 2277 Fabricius.
503 2235 604 2284 Τοῖς
631 2235 781 2290 μέσοις
823 2239 1140 2278 adscribendum
1182 2250 1275 2277 esse
1316 2239 1488 2289 praeter

4 2283 247 2374 §fabularum
277 2319 516 2370 argumenta
545 2316 667 2356 doeet
700 2317 844 2356 Pollux
877 2317 894 2356 I
924 2317 1022 2365 233,
1063 2317 1133 2368 qni
1164 2328 1289 2368 quum
1318 2315 1485 2356 mediae

6 2377 164 2447 {poetas
190 2394 428 2435 comoediae
460 2395 693 2435 distinxisse
725 2396 823 2435 dicit
853 2397 962 2436 inter
997 2390 1238 2448 συκάμινος
1277 2399 1320 2436 et
1347 2389 1487 2435 συκάα

6 2469 170 2526 Ιμινον,
203 2473 372 2527 respicit
410 2475 519 2514 haud
550 2474 675 2514 dubie
704 2474 921 2527 Amphidie
951 2476 1088 2516 locum
1117 2476 1226 2528 apud
1261 2475 1414 2516 Athen.
1443 2474 1485 2515 II

0 2522 61 2605 lp.
90 2552 190 2593 501⁸.
246 2552 333 2594 cfr.
365 2554 522 2594 Polluc.
554 2554 631 2595 VII
673 2555 740 2594 17.
807 2556 868 2595 Ac
911 2554 1094 2595 Platonis
1125 2555 1301 2608 Sinopes
1330 2555 1482 2595 Nannii

8 2624 277 2693 {aliorumque
303 2632 536 2683 hominum,
566 2646 740 2686 quorum
769 2633 967 2686 frequens
1003 2634 1074 2673 illa
1104 2637 1240 2674 aetate
1269 2633 1483 2680 memoria,

9 2710 232 2764 aequalem
267 2709 397 2752 fuisse
433 2711 554 2753 aocet
582 2714 793 2768 Diogenen
820 2714 958 2756 Laert.
990 2713 1051 2754 III
1081 2714 1134 2754 27
1174 2716 1218 2752 et
1246 2712 1484 2754 Athenaeus

10 2796 13 2801 '
1122 2791 1176 2829 26
1207 2790 1227 2813 ¹⁸
