1702 3190
212 189 268 229 86
772 195 1069 224 ΕΟΡΗΛΝΤῙΒΕΒ.

213 298 577 344 commemoratur,
619 293 739 346 quain
771 294 1026 346 Thrasippus
1065 292 1267 335 dedicavit
1292 288 1563 350 Ἐκφαντίδῃ
1587 307 1664 348 χο-

213 369 419 428 ρηγήσας.
476 373 565 412 Nec
594 373 727 412 minus
756 377 914 411 certum
943 372 1087 410 aetatis
1108 371 1311 411 'indicium
1339 373 1419 412 hoc
1447 376 1522 421 est,
1551 373 1663 423 quod

212 451 473 497 Androclem,
506 461 626 500 quem
654 449 863 487 hominem
894 449 1082 488 Cratinus
1112 453 1154 487 et
1183 449 1415 488 Teleclides
1444 450 1485 489 in
1513 450 1663 490 fabulis

214 529 297 568 suis
327 530 593 574 vexaverunt,
634 526 756 565 etiam
792 527 841 564 ab
871 525 1130 577 Ecphantide
1156 526 1275 565 >male
1315 526 1498 566 habitum
1533 529 1664 567 fuisse

213 618 263 644 ex
291 604 518 644 Scholiasta
548 603 831 654 Aristophanis
846 603 970 653 Vesp.
989 603 1096 641 1182
1126 602 1379 654 intelligitur,
1407 605 1517 642 unde
1545 617 1664 656 aper-

211 684 300 720 tum
330 685 404 727 est,
438 680 751 732 Ecphantidem,
782 692 1023 730 quamquam
1038 681 1202 719 Cratino
1234 684 1275 719 et
1289 679 1498 720 Teleclide
1526 682 1664 733 paullo

216 760 426 805 maiorem,
457 758 604 796 horum
635 760 771 795 tamen
797 759 971 795 aetatem
994 758 1191 808 attigisse.
1249 757 1391 808 Itaque
1409 759 1665 809 antiquorum

213 840 428 888 poetarum
479 834 800 884 antiquissimum
847 834 914 883 qui
961 834 1262 884 Ecphantidem
1317 835 1416 874 dixit
1457 837 1665 887 Aspasius,

214 914 290 952 nisi
327 912 434 951 forte
468 912 575 949 iusto
617 910 890 967 negligentius
926 911 1118 961 loquutus
1157 914 1243 959 est,
1290 911 1342 950 ad
1386 925 1456 951 eos
1493 914 1665 952 maxime

214 992 357 1040 poetas
385 987 616 1038 respexisse
646 987 830 1035 videtur,
868 1001 891 1026 a
920 988 1064 1038 quibus
1092 988 1344 1027 emendatior
1372 994 1415 1027 et
1442 989 1665 1041 perfectior

215 1065 455 1104 comoediae
483 1064 617 1102 forma
646 1067 687 1101 et
716 1064 818 1101 ratio
847 1063 1078 1102 introducta
1109 1069 1197 1112 est,
1235 1064 1317 1103 hoc
1355 1069 1419 1104 est
1452 1067 1504 1105 ad
1534 1067 1665 1106 Crati-

214 1154 313 1182 num
357 1140 613 1180 Teleclidem
653 1140 924 1190 Hermippum
963 1143 1136 1179 ceteros.
1207 1141 1387 1192 Capniae
1424 1155 1664 1194 cognomen,

215 1219 324 1270 quod
359 1215 610 1269 Ecphantidi
659 1215 831 1254 inditum
878 1215 1006 1255 fuisse
1040 1217 1182 1255 scribit
1218 1217 1451 1270 Ilesychius
1489 1234 1527 1260 v.
1570 1219 1665 1258 Ka-

213 1291 356 1340 πνίας.
409 1287 706 1346 Ἐκφαντίδης
734 1317 791 1324 --
819 1287 1027 1338 Καπνίας
1054 1289 1318 1345 ἐπεκαλεῖτο,
1350 1293 1424 1334 διὰ
1452 1293 1502 1336 τὸ
1528 1294 1666 1349 μηδὲν

187 1365 190 1368 ’
215 1366 420 1424 λαμπρὸν
447 1365 651 1425 γράφειν,
681 1370 855 1409 fortasse
886 1371 1064 1419 Cratino,
1096 1384 1270 1422 quocum
1297 1378 1518 1427 perpetuas
1548 1372 1664 1414 ex'er-

215 1450 347 1488 cuisse
382 1449 544 1488 videtur
581 1447 825 1495 simultates,
868 1451 1080 1498 acceptu-m
1116 1450 1221 1490 tulit.
1286 1452 1424 1492 Schol.
1461 1451 1512 1490 ad
1541 1452 1663 1492 Arist.

212 1527 338 1577 Vesp.
371 1525 450 1564 151
497 1520 685 1570 καπνίας
721 1521 768 1561 ἐν
807 1523 896 1570 τοῖς
926 1523 1023 1578 περὶ
1051 1521 1276 1578 Κρατίνου
1305 1523 1529 1581 διώρισται
1556 1521 1585 1577 ἢ
1614 1523 1664 1567 τὸ

214 1597 444 1641 ἀπόθετον
482 1597 511 1652 ἢ
549 1602 624 1642 καὶ
661 1597 872 1650 παλαιόν,
908 1598 980 1641 διὸ
1017 1596 1316 1656 Ἐκφαντίὸην
1352 1586 1562 1644 Kam'aeiav
1587 1617 1666 1644 κα-

211 1678 350 1720 λοῦσι.
423 1681 511 1721 Cfr.
551 1680 738 1732 Append.
769 1680 860 1720 vat.
892 1681 946 1729 11,
973 1667 1042 1720 23]
1100 1681 1268 1722 Rectius
1310 1683 1568 1735 cognomenti
1600 1696 1667 1724 ra-

215 1759 369 1797 tionem
409 1758 590 1810 expediit
626 1757 805 1796 Naekius
834 1758 861 1796 1.
891 1758 918 1797 1.
948 1771 990 1809 p.
1018 1757 1086 1797 52.
1156 1758 1389 1807 «Videtur,
1418 1760 1568 1811 inquit,
1598 1773 1668 1800 co-

216 1836 454 1887 «gnominis
483 1847 625 1874 caussa
654 1834 783 1873 fuisse
812 1834 877 1872 vel
905 1833 1132 1874 fabularum
1148 1835 1429 1886 Ecphantidae
1452 1850 1667 1889 argumen-

215 1915 351 1960 «tum,
383 1913 491 1963 quod
518 1913 589 1952 ille
617 1916 741 1951 tenue
775 1915 817 1967 et
846 1913 1247 1963 obseurumeligere
1277 1914 1572 1963 consuevisset,
1600 1915 1667 1967 vel

216 1989 470 2030 <obscurum
497 1995 538 2029 et
566 1991 703 2042 paullo
734 1990 944 2028 molestius
976 1989 1136 2029 dicendi
1165 1993 1207 2029 et
1229 1990 1469 2042 disponendi
1488 2001 1666 2043 gemis.»

216 2066 421 2118 Equidem
467 2068 538 2106 illa
575 2067 775 2119 Hesycbii
811 2067 936 2106 verba
972 2079 1065 2106 cum
1106 2072 1290 2107 veterum
1333 2070 1576 2120 scriptorum
1614 2068 1666 2109 de

218 2144 384 2183 Cratino
415 2149 456 2184 et
472 2146 641 2184 Platone
670 2145 830 2184 iudiciis
861 2146 1155 2196 comparabam,
1186 2147 1330 2197 quibus
1359 2121 1560 2200 λαμφτρὸν
1582 2159 1666 2199 χα-

218 2218 431 2275 ρακτῆρα,
468 2222 728 2273 splendidum
765 2221 928 2260 dicendi
962 2235 1092 2274 genus
1129 2227 1171 2273 et
1207 2226 1418 2275 troporum
1447 2223 1666 2264 luminibus

211 2297 412 2349 ¹frequens
452 2299 688 2338 attribuunt.
758 2299 876 2338 Hanc
921 2300 1047 2351 igitur
1085 2301 1276 2339 virtutem
1315 2300 1385 2351 qui
1420 2300 1668 2352 Ecphantidi
1698 2330 1702 2359 ἶ

220 2374 364 2415 deesse
391 2380 594 2428 putarent,
622 2377 781 2416 fumum
807 2388 883 2428 pro
911 2376 1005 2416 luce
1035 2389 1129 2417 eum
1159 2377 1257 2417 dare
1286 2377 1534 2418 dictitabant.
1575 2378 1667 2418 Alia
1696 2378 1702 2430 l

218 2451 320 2490 ratio
347 2453 499 2503 placuit
526 2467 658 2506 nuper
686 2454 859 2493 Lehrsio
889 2466 981 2494 meo
1013 2457 1177 2506 quaest.
1208 2455 1311 2507 epic.
1339 2468 1380 2507 p.
1410 2455 1477 2494 23.
1513 2454 1575 2493 De
1602 2454 1667 2495 fa-
1695 2463 1702 2532 f

220 2528 326 2568 bulis
354 2530 634 2581 Ecphantidae
662 2543 767 2572 unus
797 2536 984 2585 superest
1011 2533 1153 2573 titulus
1180 2526 1373 2585 Σάτυροι
1399 2531 1508 2584 apud
1536 2532 1666 2573 Athe-
1691 2536 1702 2599 l

220 2618 367 2646 naeum
397 2607 415 2646 Ι
450 2621 491 2659 p.
522 2609 575 2647 96
594 2622 629 2658 c,
669 2621 748 2661 quo
785 2611 949 2651 nomine
986 2610 1108 2651 etiam
1145 2609 1664 2670 Cratinum‘Phrynichum

223 2683 490 2736 Ophelionem
535 2688 577 2726 et
617 2687 944 2729 Anaxandridem
992 2685 1152 2729 fabulas
1200 2686 1454 2743 inscripsisse
1491 2690 1702 2771 constan&

1683 2977 1686 3009 Ι
