1702 3190
233 188 287 231 12
798 194 850 225 na
879 194 1126 227 ‘wc-romnus

230 296 520 351 Dionysiades,
556 295 685 351 patria
713 295 927 346 Mallotes,
964 294 1122 336 Pleiadi
1158 297 1402 349 tragicorum
1438 298 1678 353 adscriptus,

230 377 312 416 vid.
352 376 530 415 Naekius
566 375 714 416 Sched.
746 376 833 414 crit.
862 387 903 426 p.
933 375 974 414 3.
1040 374 1079 413 Is
1117 377 1256 413 auctor
1283 375 1411 415 fuisse
1441 377 1680 429 perhibetur

229 453 323 493 libri
355 450 636 507 Χαρακτῆρες
662 446 690 500 ἢ
710 448 1027 506 Φιλοκωμῳδὸς
1054 452 1251 503 inscripti,
1281 449 1326 491 ἐν
1356 443 1389 508 ᾧ
1415 449 1515 500 τοὺς
1538 466 1679 506 χαρα-

227 527 389 583 κτῆρας
417 525 675 582 ἀπαγγέλλει
702 526 788 568 τῶν
816 527 1007 578 ποιητῶν
1023 529 1169 569 Suidas
1190 530 1304 569 vol.I
1333 544 1374 583 p.
1396 531 1504 569 1386
1523 531 1677 570 Bernh.

226 606 321 648 Non
353 607 405 647 de
434 609 640 659 quibusvis
667 607 815 660 poetis,
845 608 919 647 sed
944 607 996 647 de
1013 608 1176 647 comicis
1201 608 1242 646 in
1261 607 1366 647 libro
1384 611 1518 646 actum
1546 607 1676 647 fuisse

224 684 291 723 vel
325 685 468 724 titulus
505 686 676 734 indicat3
716 697 956 737 quamquam
993 686 1139 725 mirum
1178 688 1240 724 est
1274 685 1357 723 tale
1393 688 1676 737 argumentum

224 763 420 800 tractasse
449 766 613 813 poetam
642 763 865 814 tragicum:
895 775 942 802 ac
970 763 1146 802 fortasse
1173 763 1208 802 is
1239 762 1341 802 alius
1372 766 1436 802 est
1463 762 1676 812 Dionysia-

224 838 312 878 des.
370 840 458 879 Nisi
494 835 826 894 Ψιλοτραγῳδὸς
854 840 1033 879 scribere
1062 843 1253 891 praestat,
1284 852 1363 891 quo
1392 839 1511 878 titulo
1529 838 1674 879 Alexin

219 913 402 956 fabulam
434 917 621 956 docuisse
651 921 808 956 constat
838 930 887 956 ex
903 918 1079 956 Stobaeo
1092 917 1205 966 Flor.
1228 916 1362 958 CVIII
1391 916 1459 956 52.
1518 916 1674 968 Scripsi

221 996 360 1032 autem
402 990 720 1048 ‘Inloxwpupd‘og
755 1007 830 1046 pro
866 988 1196 1047 Φιλοκωμῳδοί,
1235 1006 1339 1044 quae
1377 995 1442 1032 vix
1478 997 1570 1046 apta
1608 996 1673 1033 est

222 1069 318 1109 libri
354 1072 395 1110 in
434 1084 514 1122 quo
552 1072 604 1111 tle
635 1072 881 1110 comicorum
910 1075 1124 1123 poetarum
1154 1071 1293 1109 indole
1323 1074 1365 1109 et
1392 1069 1557 1122 ingenio
1587 1070 1675 1121 agi-

221 1150 289 1186 tur
316 1148 548 1199 inscripti03
578 1152 697 1187 recte
723 1150 862 1186 contra
896 1140 1233 1199 ‘Inloxwsscfflt563‚
1263 1146 1315 1185 ad
1344 1128 1461 1198 quam
1491 1159 1674 1186 normam

220 1225 343 1264 etiam
374 1228 578 1264 nostrates
607 1226 732 1265 libros
761 1225 984 1264 inscribere
1013 1224 1166 1271 solent,
1196 1235 1233 1263 v,
1265 1235 1300 1262 c.
1331 1223 1420 1262 der
1450 1224 1517 1263 Ga
1529 1228 1674 1263 rten-

218 1301 412 1341 freund
459 1306 501 1341 et
538 1315 642 1354 quae
679 1307 773 1342 sunt
809 1303 969 1341 similia.
1034 1301 1309 1340 Eratosthene
1347 1304 1388 1340 et
1427 1300 1674 1352 Dionysiade

219 1379 423 1431 aliquanto
453 1381 657 1431 posterior
686 1381 764 1420 fuit
794 1379 1084 1431 Protagorides
1115 1378 1362 1430 Cyzicenus,
1400 1378 1512 1417 cuius
1540 1389 1674 1430 κωμι-

216 1453 295 1504 κὰς
326 1453 520 1511 ἱστορίας
547 1458 745 1497 habemus
775 1459 884 1511 apud
912 1458 1063 1499 Athen.
1082 1456 1142 1495 111
1170 1468 1210 1506 p.
1226 1442 1307 1494 12'4
1329 1468 1366 1494 e.
1402 1454 1534 1495 Valde
1563 1455 1672 1494 enim

216 1535 354 1587 placet
383 1535 624 1575 Schneideri
655 1537 888 1575 coniectura
922 1535 973 1575 ad
1011 1534 1206 1575 Nicandri
1242 1533 1432 1586 Alexiph.
1463 1534 1490 1572 3
1526 1533 1672 1572 Prota-

217 1613 402 1666 goridem
431 1614 735 1666 grammaticum
773 1626 854 1654 non
883 1614 1087 1652 diversum
1116 1611 1244 1652 fuisse
1273 1612 1485 1652 statuentis
1515 1624 1538 1650 a
1567 1610 1671 1650 Pro-

217 1694 359 1743 tagora
374 1691 576 1743 Cyziceno
591 1705 652 1739 eo,
672 1693 736 1731 cui
752 1691 957 1732 Nicander
970 1690 1305 1742 Alexipharmaca
1315 1689 1531 1740 inscripsit.
1547 1687 1671 1728 Pro-

216 1773 426 1822 tagoras
457 1773 499 1809 et
528 1770 907 1822 Protagorides
937 1768 1079 1807 eadem
1110 1771 1203 1807 sunt
1230 1768 1406 1808 nomina.
1436 1767 1524 1807 Cfr.
1540 1768 1670 1806 Hem-

215 1848 444 1887 stet-husius
488 1847 540 1886 ad
568 1848 778 1900 Aristoph.
808 1847 917 1886 Plut.
946 1859 988 1899 p.
1018 1843 1100 1885 325
1131 1848 1172 1884 et
1201 1845 1428 1884 Lobeckius
1464 1844 1668 1897 Aglaoph.

215 1936 257 1976 p.
288 1925 382 1965 996.
458 1925 543 1964 Sub
590 1924 830 1964 Ptolemaeo
867 1925 1134 1976 Philopatore
1172 1923 1360 1963 inclaruit
1404 1923 1669 1974 Asclepiades

213 2001 466 2052 Myrleanus‚
482 2002 534 2041 de
551 2015 630 2053 quo
649 2003 768 2042 docte
784 2003 974 2042 disseruit
988 2001 1200 2042 Werferus
1215 2003 1304 2041 Act.
1322 2000 1429 2040 Phil.
1443 2001 1607 2041 Monac.
1626 1999 1668 2039 II

214 2090 256 2130 p.
286 2078 382 2128 535,
413 2079 603 2132 neglecto
632 2084 769 2120 tamen
799 2081 1012 2121 Athenaeo
1030 2079 1090 2119 XI
1118 2093 1158 2131 p.
1173 2078 1253 2118 501
1274 2091 1312 2119 e.
1355 2073 1379 2117 ὁ
1411 2072 1669 2132 Μυρλεανὸς

209 2148 546 2205 Ἀσκληπιάδης
574 2154 621 2195 ἐν
649 2157 738 2205 τοῖς
766 2157 865 2213 περὶ
894 2152 1138 2210 Κρατίνου,
1168 2158 1314 2208 quibus
1341 2156 1475 2196 verbis
1504 2168 1554 2195 an
1583 2167 1667 2195 non

212 2232 343 2272 iustus
380 2235 421 2274 in
464 2236 619 2275 cratini
654 2235 814 2275 fabulas
852 2236 1163 2276 commentarius
1202 2236 1455 2288 significetur
1480 2233 1667 2272 dubitare

212 2308 323 2349 licet.
388 2313 578 2354 Eundem
614 2313 658 2353 in
686 2314 961 2366 Aristophane
995 2314 1236 2354 illustrando
1264 2313 1484 2366 plurimum
1514 2323 1667 2363 operae

212 2388 404 2440 posuisse
434 2403 483 2430 ex
514 2392 691 2432 Scholiis
721 2396 893 2432 constat.
952 2391 1305 2444 Cfr.Hesychium
1335 2404 1368 2431 s.
1396 2403 1435 2431 v.
1465 2387 1661 2429 Κολακοι

214 2462 509 2519 φοροκλείδης.
569 2471 658 2511 Nec
694 2470 828 2509 minus
856 2473 1024 2510 strenue
1052 2471 1094 2510 in
1124 2470 1270 2509 eadem
1296 2468 1498 2520 palaestra
1526 2479 1664 2507 versa-

212 2544 281 2583 tus
315 2546 379 2583 est
416 2546 711 2599 Aristophanes
748 2549 993 2600 Byzantius,
1023 2548 1097 2587 sub
1127 2546 1373 2586 Ptolemaeis
1397 2545 1663 2597 Philopatore

214 2623 258 2661 et
283 2621 502 2674 Epiphane
531 2624 677 2665 clarus.
743 2626 782 2664 Is
820 2639 902 2666 non
931 2625 1051 2665 modo
1079 2624 1122 2664 in
1151 2622 1467 2676 Aristophanem
1489 2624 1662 2664 Menan-

217 2699 336 2739 drum
365 2700 549 2754 aliosque
577 2701 751 2742 fortasse
780 2705 956 2743 comicos
985 2703 1043 2752 (v.
1074 2702 1212 2742 Wolfii
1243 2701 1406 2752 Proleg.
1435 2713 1476 2752 p.
1493 2698 1660 2749 CCXX)
