1702 3190
692 155 880 187 aurous.
1427 146 1510 188 115

13 271 73 314 ιΡ.
104 258 216 299 1168
251 254 355 307 τοὺς
389 251 555 305 αὐτοὺς
589 245 704 296 εἶναι
743 250 1038 305 διδασκάλους
1073 257 1148 299 καὶ
1185 253 1401 312 μουσικῆς
1435 257 1512 299 καὶ

30 336 348 393 γραμματικῆς,
376 333 437 387 ὦς
465 332 489 377 ὁ
518 330 713 382 Εὔπολις
740 327 906 387 εἰσάγει
933 332 982 374 ἐν
1008 329 1131 386 Αἰξί.
1190 337 1327 379 Porro
1355 333 1512 379 Πύλαι

31 418 142 471 apud
178 417 452 458 Scholiastam
494 413 783 468 Aristophanis
821 416 899 456 Av.
939 414 1051 455 1297
1096 410 1293 463 Εὔπολις
1330 413 1379 455 ἐν
1414 411 1513 457 Πύ-

31 492 141 546 λαις,
172 496 247 535 ubi
277 497 504 536 certissima
534 498 598 535 est
626 493 807 535 Fabricii
838 493 1080 534 coniectura
1093 490 1266 534 Πόλεσι
1296 509 1373 548 pro
1404 491 1509 535 Πύ-

32 571 130 622 λαις
174 576 426 628 reponentis.
508 567 915 628 Στεφανοπώλιδας
972 573 1084 625 apud
1136 574 1401 616 Athenaeum
1452 575 1510 616 lx

31 667 74 708 Ρ.
104 654 188 694 384
207 667 230 694 c
258 658 374 694 recte
402 652 570 694 Eubulo
595 650 816 691 vindicavit
846 651 1131 694 Casaubonus.
1200 647 1396 705 Σφίγγες
1426 664 1510 692 uno

30 733 185 773 Suidae
222 732 315 772 loco
348 732 542 771 nituntur
584 742 620 771 s.
657 742 696 771 v.
733 723 1072 772 νεανισκεύεται.
1150 730 1422 784 Legendum,
1468 732 1512 772 ni

29 809 168 860 fallor,
195 804 390 857 Εὔπολις
416 802 565 860 Αἰξίν.
624 808 758 849 Ροιϊο
789 808 975 861 corrupti
1004 812 1102 850 sunt
1131 809 1242 849 tituli
1255 805 1362 856 Διὰς
1390 807 1510 850 Κλο-

29 887 114 930 nai,
151 894 194 929 et
220 882 428 936 Λάκωνες
466 888 616 929 Pollux
645 887 706 928 lx
745 887 802 928 27
839 883 920 926 τὸν
955 881 1097 928 ἀστὸν
1135 881 1332 937 ,Εὔπολις
1368 886 1417 928 ἐν
1457 887 1512 947 τῇ

28 963 159 1010 Διάδι
198 963 384 1022 ἔμπολιν
422 965 616 1022 εἴρηκεν,
658 957 757 1006 οἷον
798 960 1026 1020 ἐγχώριον,
1071 967 1144 1007 ubi
1189 967 1317 1008 verba
1360 965 1409 1006 ἐν
1456 965 1510 1025 τῇ

28 1042 158 1090 Διάδι
186 1062 209 1089 a
240 1049 319 1089 MS
349 1039 512 1088 absunt.
582 1042 769 1085 Κλοπαὶ
796 1045 1021 1086 laudantur
1056 1046 1109 1087 ab
1138 1045 1340 1087 Erotiano
1371 1046 1508 1088 Gloss-

28 1128 230 1181 Hippocr.
261 1140 307 1180 Ρ.
335 1127 420 1167 172
452 1119 746 1178 εἑίδύσμασιε
784 1122 877 1172 τοῖς
906 1120 1092 1178 χλωροῖς
1128 1122 1206 1163 καὶ
1246 1122 1393 1180 ξηροῖς
1429 1120 1508 1180 άρο

29 1200 234 1259 τύμασιν.
292 1200 486 1254 ’.Αττικὴ
531 1201 580 1243 δὲ
621 1198 649 1254 ἡ
693 1200 819 1254 λέξις,
860 1197 923 1251 ῶς
965 1201 1043 1242 καὶ
1084 1197 1423 1259 Ἀριστοφάνης
1463 1203 1512 1245 ἐν

23 1278 230 1325 Ἱππεῦσι
257 1283 399 1336 (675)
435 1282 514 1323 καὶ
541 1277 736 1330 Εὔπολις
765 1280 963 1330 Κλοταῖς
1001 1279 1269 1334 (Κλοπαῖς)
1304 1282 1383 1323 καὶ
1414 1282 1510 1324 Μέ-

28 1360 216 1417 νανδρος
252 1360 300 1402 ἐν
334 1356 562 1418 Δαρδάνῳ.
638 1361 884 1414 Legendum
921 1360 1089 1401 videtur
1124 1356 1350 1412 Κόλαξιν,
1397 1363 1508 1416 quod

27 1441 108 1483 mit
147 1442 218 1495 qui
256 1441 393 1482 eidem
430 1441 623 1495 scriptori
651 1440 890 1481 restitutum
924 1440 1054 1481 vellet
1090 1451 1134 1492 Ρ.
1163 1440 1262 1483 246.
1311 1441 1509 1482 Μυττω·

23 1515 129 1562 τόνε
175 1518 222 1561 οἱ
254 1520 336 1574 μὲν
373 1513 580 1560 Ἀττικοὶ
621 1512 880 1572 ὑπότριμμα
920 1543 978 1550 --
1014 1513 1210 1566 Εὔπολις
1244 1516 1292 1560 δὲ
1330 1517 1379 1560 ἐν
1405 1516 1508 1562 Aoi-

28 1610 135 1640 κωσι
168 1596 221 1640 τὸ
251 1597 422 1652 ἄμυλον
447 1597 586 1652 λέγων
613 1593 729 1653 φησί
762 1593 831 1638 Τὰ
864 1590 1239 1652 συκάρι’ἐποιήσε
1276 1596 1510 1653 μυττωτὸν

29 1673 181 1720 πολύν.
244 1680 330 1720 Sed
355 1680 436 1721 hoc
463 1680 557 1720 loco
587 1679 729 1720 malim
758 1671 1009 1730 Εὔβουλος,
1048 1678 1166 1718 cuiun
1196 1678 1386 1720 Lacones
1414 1693 1508 1733 pas—

29 1757 108 1800 uim
144 1758 378 1801 laudantur.
445 1759 669 1800 Nonimum
707 1751 903 1804 Εὔπολις
939 1759 983 1796 et
1011 1750 1240 1808 Εὔβουλος
1279 1764 1509 1800 commuta-

29 1840 165 1878 torum
195 1839 429 1893 exemplum
459 1839 583 1879 modo
613 1838 790 1878 vidimus
813 1835 922 1890 apud
940 1835 1204 1878 Athenaeum
1222 1836 1280 1876 IX
1309 1850 1352 1890 p.
1373 1838 1458 1878 384
1473 1852 1509 1880 c.

28 1915 220 1958 Eundem
250 1931 436 1958 errorem
466 1920 636 1970 quaest.
668 1929 781 1956 scen.
813 1916 874 1956 111
916 1929 957 1968 p.
988 1916 1045 1955 23
1081 1915 1232 1955 sustuli
1271 1929 1324 1956 ex
1353 1918 1506 1958 Eusta-

30 1993 132 2036 fflio.
197 1997 344 2049 Neque
377 1996 521 2037 dubito
552 1995 745 2048 equidem
777 1995 873 2047 quin
905 1994 1030 2034 etiam
1061 1995 1171 2048 apud
1201 1995 1373 2036 Suidam
1401 2010 1437 2037 s.
1469 2010 1506 2037 v.

25 2068 195 2127 χαίρειν
223 2076 486 2117 scribendum
516 2076 592 2124 sit,
629 2070 805 2129 πρῶτον
833 2069 1024 2112 Κλέωνα
1071 2072 1215 2128 φησὶν
1250 2069 1446 2123 Εὔπολις
1483 2071 1508 2115 ὁ

0 2137 1 2144 ¹
29 2148 215 2206 κῳμικὸς
257 2145 395 2202 οὕτως
431 2151 675 2194 ἐπιστεῖλαι
709 2151 802 2199 τοῖς
838 2144 1119 2201 Ἀθηναίοις
1160 2147 1250 2192 ἀπὸ
1289 2150 1506 2207 Σφακτη-

0 2220 3 2274 ὶ
30 2227 150 2285 plag,
185 2246 261 2285 pro
292 2233 404 2273 edito
433 2228 686 2285 Εὔβουλος,
725 2245 750 2271 a
778 2242 860 2282 quo
890 2230 1026 2271 aliena
1055 2234 1119 2272 est
1153 2231 1292 2271 irrisio
1322 2232 1503 2274 Cleonis.

0 2300 2 2363 ὲ
31 2307 189 2348 Locum
216 2310 353 2362 ipsum
381 2312 559 2352 servavit
588 2310 748 2351 Moeris
775 2309 901 2350 Attio.
931 2321 972 2361 Ρ.
1002 2309 1110 2352 418.,
1166 2310 1246 2350 His
1282 2310 1409 2363 igitur
1437 2324 1504 2352 re-

0 2387 155 2443 kmotis
193 2389 427 2439 quindecim
464 2393 687 2443 supersunt
721 2389 912 2438 fabulae,
959 2399 1062 2440 quas
1098 2388 1296 2442 deinceps
1333 2402 1503 2432 enume-

0 2447 5 2500 ἓ
31 2466 224 2507 rabimus.

141 2534 296 2598 Αἶγες,
341 2547 553 2588 notissima
596 2546 760 2596 fabula,
810 2547 852 2586 in
900 2559 980 2600 qua
1016 2559 1160 2600 capras
1208 2546 1325 2587 chori
1363 2551 1504 2600 partes

0 2616 5 2651 ’ἓ
32 2622 276 2663 sustinuisse
316 2629 476 2666 constat
513 2639 562 2666 ex
591 2626 804 2667 Plutarchi
833 2627 975 2680 Symp.
1008 2628 1066 2669 lV
1096 2627 1135 2667 1.
1185 2627 1388 2681 Macrobii
1427 2627 1502 2667 Sa-

0 2691 5 2728 ?
33 2702 141 2742 turn.
174 2702 250 2744 vn
280 2702 309 2744 5
348 2708 391 2744 et
418 2705 636 2746 Eustathio
666 2705 719 2746 ad
750 2705 867 2747 lliad.
897 2719 939 2760 p.
971 2707 1082 2747 1063
1111 2706 1181 2747 44.
1251 2706 1501 2760 Fragmenta

1158 2784 1186 2823 8
1217 2785 1235 2805 ψ
