1702 3190
689 152 882 182 murone.
1444 140 1529 182 123

55 254 146 308 ipse
173 252 217 295 in
247 251 479 307 Eupolidea
508 250 649 294 fabula
684 253 880 294 subierat.
950 251 1045 294 Non
1087 252 1427 294 dissimulandum
1465 258 1528 295 ta-

57 345 166 383 men,
195 346 249 374 ne
276 333 332 373 ita
363 332 529 385 quidem
560 345 722 373 omnem
743 332 944 372 sublatam
969 344 1062 372 esse
1087 332 1392 374 difficultatem.
1423 334 1530 375 Nam

56 413 92 452 si
127 406 313 451 Βάπται
348 412 530 465 vulgaris
572 410 654 451 fuit
692 414 735 450 et
770 411 978 452 communi
1022 422 1100 450 usu
1145 415 1318 463 recepta
1352 412 1528 451 istorum

57 491 251 542 Cotyttus
290 492 494 532 cultorum
535 491 836 540 denominatio,
872 503 954 530 non
996 488 1187 540 intelligo
1226 489 1418 540 equidem
1458 489 1529 541 qui

59 568 216 610 sactum
256 571 340 620 sit,
377 574 425 611 ut
466 570 614 610 horum
652 568 910 621 potissimum
948 580 1160 608 sacrorum
1201 568 1288 607 sive
1324 568 1529 607 antistites

60 649 148 689 sive
176 649 358 690 cultores
394 663 419 691 a
442 646 713 690 lavationibus
750 645 949 688 nominati
986 647 1166 696 fuerint,
1203 658 1305 699 quas
1341 646 1528 685 omnium

55 727 222 768 omnino
251 727 542 781 mysteriorum
579 725 668 766 sive
703 726 965 779 publicorum
1001 726 1088 766 sive
1118 725 1373 777 privatorum
1415 738 1528 765 com-

54 817 201 846 munes
228 805 359 846 fuisse
385 808 564 854 constat3
601 805 664 846 sin
694 806 870 858 Eupolis
908 805 961 846 ad
991 805 1207 845 mollitiem
1244 804 1420 843 istorum
1450 803 1527 844 ho-

53 884 210 926 minum
253 887 297 924 et
338 884 542 924 luxuriem
585 883 897 937 significandam
933 885 1053 924 finxit
1089 885 1314 935 Baptarum
1359 894 1527 932 nomen,

56 960 226 1003 difficile
255 962 368 1004 dictu
398 966 463 1003 est
491 962 591 1015 quid
619 962 799 1003 invidiae
828 967 870 1002 et
898 962 1150 1015 ignominiae
1167 961 1249 1002 hoc
1272 974 1424 1000 nomen
1452 961 1527 1000 ha-

53 1041 156 1083 bere
191 1042 389 1094 potuerit.
457 1042 602 1094 ltaque
643 1043 687 1083 in
725 1055 817 1082 eam
846 1041 1009 1082 delatus
1048 1055 1140 1081 sum
1169 1039 1437 1088 sententiam,
1479 1041 1528 1078 ut

53 1120 278 1174 Baptarum
307 1120 473 1161 nomine
501 1121 684 1173 Eupolin
720 1120 826 1160 illud
863 1119 1078 1159 hominum
1108 1132 1240 1172 genus
1269 1118 1527 1170 significasse

55 1200 243 1249 credam,
294 1200 347 1239 de
382 1199 532 1251 quibus
571 1200 755 1240 incertus
798 1203 944 1239 auctor
991 1199 1101 1251 apud
1145 1198 1315 1239 Suidam
1358 1197 1441 1236 vol.
1485 1196 1526 1237 11

54 1291 97 1332 p.
125 1278 212 1318 426
237 1279 343 1332 agit:
384 1273 485 1324 τοὺς
514 1272 681 1332 &weng
710 1271 1040 1326 ἀποσκώπτειν,
1068 1274 1170 1324 τοὺς
1199 1273 1423 1330 ἑταιρικῶς
1448 1272 1528 1323 τὰς

54 1351 182 1410 ὄψεις
211 1350 552 1411 ὑπογράφοντας
579 1355 657 1397 καὶ
686 1352 1008 1410 βάπτοντας
1038 1352 1116 1404 τὰς
1144 1352 1309 1411 τρίχας.
1375 1357 1525 1407 Neque

52 1436 227 1490 simplex
261 1430 523 1488 βάπτεσθαι
562 1436 715 1484 omissa
751 1436 928 1478 crinium
965 1436 1360 1477 commemoratione
1390 1436 1525 1477 offen-

54 1515 162 1557 sioni
191 1527 284 1556 esse
313 1527 437 1568 posse
465 1514 589 1556 docet
619 1515 839 1557 Menandri
866 1516 983 1556 loeus
1011 1529 1054 1568 p.
1085 1515 1169 1555 127

220 1589 321 1635 οὐδὲ
350 1587 494 1649 μύρον
519 1582 649 1647 εἶχον,
677 1588 792 1633 ἀλλὰ
820 1591 922 1634 νῦν·
953 1593 1030 1634 καὶ
1057 1588 1272 1648 βάψομαι

220 1672 298 1715 καὶ
325 1670 669 1728 παρατιλοῦμαι,
699 1669 753 1723 νὴ
781 1668 881 1726 Δία,
909 1672 988 1714 καί
1014 1667 1260 1727 γενήσομαι

222 1747 500 1804 Κτήσιππος,
529 1748 607 1792 οὐκ
636 1749 894 1808 ἄνθρωπος.

55 1831 172 1885 Quae
210 1833 349 1874 omnia
391 1833 664 1886 ignominiosa
703 1833 963 1874 habebantur
1009 1839 1051 1873 et
1088 1835 1298 1872 extremae
1335 1829 1525 1869 mollitiei

54 1909 218 1952 indicia.
287 1912 422 1953 Recte
449 1913 578 1965 igitur
607 1914 759 1966 Baptas
788 1913 1021 1953 Scholiasta
1051 1911 1238 1952 molles
1276 1911 1526 1961 interpreta-

54 1993 137 2031 tur.
203 1991 287 2032 Sed
317 1995 366 2032 ut
393 2003 538 2031 verum
567 1991 700 2032 fatear
728 2005 877 2032 vereor
907 1992 1113 2044 equidem,
1142 2004 1196 2030 ne
1225 1990 1331 2030 haec
1361 2001 1526 2042 quoque

55 2069 343 2122 interpretatio
389 2070 495 2110 falsa
540 2071 788 2124 reperiatur.
859 2071 1065 2111 Fortassis
1106 2069 1234 2122 igitur
1272 2067 1526 2107 acutioribus

58 2150 270 2201 continget
299 2154 346 2189 ut
375 2163 426 2190 ex
455 2149 623 2189 Scholio
641 2150 719 2190 MS
743 2150 966 2189 Parisiensi
994 2149 1047 2188 ad
1074 2147 1325 2188 Aeschinem
1357 2159 1392 2186 c.
1416 2146 1526 2185 Tim.

57 2228 94 2278 ξ.
131 2227 213 2268 126
250 2229 292 2268 2.
322 2228 434 2279 quod
471 2228 652 2268 Bekkeri
690 2227 872 2266 comitati
909 2228 1057 2274 debeo,
1097 2225 1250 2276 aliquid
1288 2226 1526 2265 extundant.

57 2305 139 2346 Est
164 2309 302 2346 autem
337 2306 439 2347 hoc:
478 2304 598 2345 δοκεῖ
625 2303 672 2344 δέ
700 2318 779 2357 μοι
807 2303 1019 2358 λελέχθαι
1047 2299 1072 2343 ὁ
1101 2298 1296 2355 βάταλος
1325 2298 1446 2356 παρὰ
1475 2299 1526 2342 τὸ

57 2377 307 2430 Εἰπόλιδος
351 2381 559 2438 σκῶμμα·
607 2382 767 2431 ἐκεῖνος
815 2380 897 2439 γὰρ
935 2379 1021 2423 ὑπὸ
1059 2380 1146 2421 τῶν
1191 2378 1377 2434 βαπτῶν
1425 2377 1528 2420 ὀνό-

59 2472 182 2512 ματα
210 2460 395 2501 κεῖσθαι
424 2461 514 2509 τοῖς
543 2455 731 2517 αἰσχρῶς
769 2463 881 2515 (leg.
911 2457 1156 2515 αἰσχροῖς),
1195 2459 1270 2499 καὶ
1306 2456 1528 2513 Τιγράνην

59 2533 270 2578 Βάταλον
312 2534 401 2580 ὑπ’
444 2535 591 2579 αὐτῶν
639 2540 893 2584 καλιῐσϋάι.
980 2544 1096 2596 Quae
1133 2542 1168 2580 si
1205 2541 1340 2580 minus
1377 2540 1527 2579 vitiose

62 2617 213 2670 scripta
241 2618 494 2673 legerentur,
523 2621 586 2661 vix
616 2621 793 2661 dubitari
822 2625 960 2674 potest
989 2621 1085 2672 quin
1117 2619 1167 2659 ad
1191 2618 1527 2672 perspiciendum

0 2706 5 2731 τ
59 2690 229 2738 fabulae
256 2701 543 2751 argumentum
570 2698 682 2741 haud
714 2700 850 2754 exigui
881 2700 1019 2741 forent
1049 2697 1260 2740 momenti.
