1702 3190
696 147 859 178 affixis.
1416 132 1503 176 877

143 253 321 306 Fabulae
363 250 555 293 docuisse
595 250 840 305 perhibetur
875 261 901 288 a
930 246 1058 289 Suida
1087 246 1357 303 quadraginta
1382 248 1502 302 quln-

34 348 116 390 que
141 346 265 387 supra
294 333 514 380 ducentas,
544 331 587 372 in
617 330 765 382 quibus
793 328 965 368 fuerunt
994 331 1131 368 tamen
1162 329 1420 382 complures,
1451 328 1505 369 de

0 427 205 469 pquarum
242 416 412 452 auctore
448 424 501 450 ne
538 410 746 450 veteribus
783 407 949 460 quidem
991 410 1105 446 certo
1145 408 1372 449 constabat.
1443 409 1507 450 lta

0 515 3 541 ,
33 487 323 547 Πρωτόχορος
353 495 396 530 et
419 485 586 541 ‘Quoia
610 490 659 528 ab
686 489 775 528 aliis
792 487 1004 537 Antidoto,
1024 480 1216 525 ''Avma
1244 481 1507 540 Ἀλείπτρια

37 575 80 614 et
107 563 280 618 ‘'anog
309 568 534 621 Antiphani
562 567 861 607 tribuebantur.
928 566 1126 606 Ceterum
1163 565 1206 605 in
1243 568 1356 606 tanta
1385 566 1506 607 fabu-

0 635 3 719 ἰ
34 652 167 693 larum
204 648 487 695 multitudine,
526 659 576 686 ex
611 646 759 697 quibus
795 646 1015 686 nonnullas
1052 645 1095 685 in
1133 644 1308 685 latinum
1349 658 1507 685 sermo-

0 723 1 727 *
34 743 131 772 nem
161 740 377 770 conversas
413 726 542 766 fuisse
570 725 731 765 Gellius
760 725 813 767 N.
842 725 893 765 A.
924 725 964 765 11
993 726 1050 765 23
1086 723 1283 775 tradidit,
1316 738 1399 765 non
1430 726 1508 765 mi-

0 799 4 857 J>
33 821 125 849 rum
156 809 238 855 est,
275 805 422 846 Alexin
459 804 608 844 iisdem
645 804 821 844 subinde
859 805 903 845 in
941 803 1115 845 diversis
1139 804 1291 845 fabulis
1321 804 1507 845 versibus

3 925 5 934 ς
32 899 155 930 usum
185 898 292 926 esse.
322 884 430 926 Vide
462 897 500 924 e.
530 897 569 937 g.
602 883 755 925 Athen.
788 884 845 925 IV
874 897 916 936 p.
947 882 1070 923 165d
1092 887 1133 924 et
1149 897 1185 924 e.
1217 883 1279 923 111
1309 897 1351 936 p.
1382 882 1509 923 107d

35 971 79 1008 et
100 966 157 1007 IV
186 979 227 1019 p.
248 965 329 1004 169
345 963 385 1004 d.
416 963 496 1004 Vll
526 977 567 1016 p.
587 963 714 1003 314d
745 966 787 1002 et
817 963 879 1003 111
910 977 951 1016 p.
971 963 1053 1003 107
1072 975 1108 1004 c.
1140 962 1242 1004 V111
1271 963 1506 1016 p.340b.c.

0 1042 2 1092 ᾗ
35 1046 126 1088 Nec
154 1048 286 1085 semet
315 1043 450 1095 ipsum
479 1047 660 1093 tantum,
705 1043 780 1083 sed
811 1043 934 1083 etiam
965 1042 1068 1082 alios
1097 1046 1242 1095 poetas
1282 1054 1320 1082 V.
1352 1054 1387 1082 c.
1418 1043 1508 1082 Eu-

0 1127 4 1167 ἑ
35 1123 178 1167 bulum
208 1122 494 1175 exscripsisse,
532 1136 582 1163 ex
612 1122 759 1162 eodem
790 1122 1007 1163 Athenaeo
1037 1121 1056 1161 1
1093 1135 1135 1175 p.
1165 1120 1221 1160 25
1239 1120 1261 1159 f
1297 1121 1508 1163 discimus.

0 1211 4 1259 ‚b
36 1203 85 1245 In
112 1217 160 1243 re
189 1203 352 1244 scenica
381 1215 432 1242 an
462 1202 686 1255 quidquam
715 1202 928 1242 novaverit
958 1201 1120 1250 Alexis,
1158 1213 1240 1240 nou
1266 1200 1365 1240 satis
1397 1213 1511 1241 com-

35 1286 201 1337 pertum
237 1285 324 1333 est3
366 1295 461 1323 nam
501 1283 613 1335 quod
652 1282 863 1334 Carystius
903 1281 1188 1334 Pergamenus
1229 1280 1272 1320 in
1311 1279 1418 1319 libro
1456 1279 1512 1320 de

0 1390 5 1412 e
35 1359 276 1403 Didascaliis
304 1362 416 1415 apud
444 1361 597 1403 Athen.
628 1361 685 1403 Vl
714 1374 755 1413 p.
786 1359 870 1400 235
895 1373 918 1401 e
956 1360 1133 1414 scripsit,
1172 1355 1252 1399 τὸν
1280 1355 1362 1398 νῦν
1389 1353 1513 1411 λεγό-

35 1451 170 1495 μενον
199 1435 444 1493 παράσιτον
472 1436 714 1496 εὑρεθῆναι
743 1434 829 1479 ὑπὸ
851 1434 1026 1494 πρώτου
1049 1433 1294 1489 Ἀλέξιδος,
1322 1439 1414 1492 ipse
1443 1453 1513 1480 re-

38 1519 148 1561 futat
173 1519 427 1570 Athenaeus,
458 1520 611 1560 doceus
641 1520 713 1559 ille
742 1520 910 1572 parasiti
938 1532 1160 1572 personam
1189 1518 1402 1560 induxisse
1429 1518 1513 1560 iam

0 1608 3 1637 a
39 1599 334 1651 Epicharmum
363 1599 407 1639 in
437 1599 540 1652 Spe
577 1599 660 1640 vel
691 1599 846 1639 Pluto
887 1602 929 1638 et
957 1599 1209 1652 Eupolidem
1246 1599 1289 1639 in
1319 1600 1513 1640 Assen-

0 1723 3 1729 ρ
41 1678 330 1727 tatoribus,
368 1678 535 1718 nomine
573 1682 711 1719 autem
740 1673 992 1732 παρασίτου
1021 1683 1118 1719 ante
1147 1677 1363 1719 Alexidem
1391 1690 1516 1720 usum

0 1796 2 1803 s
42 1769 137 1799 esse
165 1758 384 1798 Ararotem
409 1757 453 1798 in
482 1757 741 1810 Hymenaeo.
802 1757 892 1798 Cfr.
924 1758 1097 1798 Geelius
1119 1758 1163 1798 in
1192 1758 1302 1798 Bibl.
1333 1757 1425 1798 crit.
1457 1758 1517 1800 lv

1 1859 3 1864 ·
40 1847 85 1890 p.
114 1836 184 1876 19.
250 1837 340 1877 Nec
377 1840 515 1876 tamen
554 1836 606 1875 de
636 1836 767 1876 nihilo
798 1849 892 1877 esse
921 1837 1087 1877 videtur
1117 1837 1227 1890 quod
1257 1836 1358 1877 dixit
1387 1838 1518 1891 Cary-

0 1929 3 1953 !
41 1915 160 1966 atius,
188 1916 304 1956 cuius
333 1915 440 1956 hanc
470 1919 650 1956 mentem
679 1915 810 1956 fuisse
840 1917 1054 1969 suspicor,
1094 1921 1141 1958 ut
1169 1917 1340 1971 parasiti
1371 1922 1413 1957 et
1440 1930 1520 1957 no-

2 2029 3 2033 ,
41 1995 152 2054 ruine
182 1999 225 2035 et
253 2009 444 2048 persona,
475 1996 639 2049 qualem
668 1996 858 2049 plerique
878 2000 1024 2049 postea
1056 1997 1296 2037 comoediae
1326 2001 1520 2038 auctores

2 2095 3 2098 ¹
43 2080 372 2128 proposuerunt,
411 2076 628 2117 atticorum
665 2076 918 2115 comicorum
954 2075 1134 2129 primum
1164 2078 1347 2117 omnium
1378 2075 1521 2117 Alexi-

0 2171 2 2180 =
48 2152 144 2193 (lem
171 2165 291 2192 usum
320 2167 414 2194 esse
443 2154 715 2203 existimaret,
757 2167 863 2206 quae
892 2155 927 2194 si
957 2169 1054 2195 vera
1084 2160 1201 2205 sunt,
1239 2156 1362 2195 simul
1394 2155 1521 2196 etiam

0 2236 2 2291 ξ
49 2230 315 2282 intelligitur,
355 2215 586 2271 Pffasitum
613 2232 820 2285 prioribus
849 2232 1033 2272 Alexidis
1062 2233 1213 2274 fabulis
1244 2235 1522 2274 adnumeran-

51 2306 145 2348 dam
167 2310 210 2348 et
222 2309 464 2362 Antiphanis
478 2311 679 2361 Parasito,
710 2310 762 2351 de
790 2322 871 2363 quo
890 2325 932 2364 p.
949 2312 1031 2351 339
1049 2312 1219 2362 dictum,
1248 2314 1523 2366 antiquiorem

0 2417 2 2431 ,
51 2384 287 2426 habendum
324 2402 428 2430 esse.
493 2389 679 2434 Pollucis
714 2403 900 2430 errorem
938 2392 1008 2443 qui
1045 2391 1151 2434 haee
1180 2393 1323 2433 scribit
1351 2393 1410 2435 vl
1440 2392 1521 2433 35:

53 2459 127 2502 ἐπὶ
163 2461 243 2504 τοῦ
275 2467 536 2520 παρασιτεῖν
570 2465 646 2507 ἐπὶ
682 2464 849 2524 λιχνείᾳ
883 2463 913 2519 ἢ
941 2467 1148 2528 κολακείᾳ
1187 2469 1355 2527 πρῶτος
1390 2466 1521 2512 Ἐπί-

0 2557 2 2584 i
49 2554 219 2595 χαρμος
246 2539 324 2583 τὸν
352 2543 599 2600 παράσιτον
626 2542 871 2600 ὠνόμασεν,
900 2538 995 2589 εἶτα
1022 2545 1216 2602 ”Αλεξις,
1243 2552 1365 2593 huius
1394 2552 1523 2604 igitur

57 2634 244 2662 errorem
288 2626 443 2666 notavit
485 2627 567 2668 iam
616 2629 885 2670 casaubonus
928 2630 980 2671 ad
1017 2630 1171 2672 Athen.
1207 2631 1235 2672 l.
1266 2631 1294 2671 l.
1360 2628 1522 2670 Eadem

56 2704 154 2741 uota
195 2701 342 2755 dignus
369 2704 596 2746 Scholiasta
625 2706 799 2749 Homeri
837 2708 951 2750 Iliad.
993 2704 1028 2764 ρ’
1060 2709 1166 2750 57Ί;
1204 2705 1254 2748 τὸ
1296 2706 1342 2747 δὲ
1380 2703 1524 2762 ὄνομα
