1702 3190
678 154 867 185 aaronis.
1231 141 1236 145 ’
1423 142 1507 184 129

31 261 86 305 ad
114 272 221 316 qnae
249 258 418 313 respicit
446 259 661 312 Eunapius
690 257 835 298 Liban.
874 270 917 310 p.
947 258 1016 306 99,
1055 257 1126 298 ubi
1162 257 1258 298 vide
1287 257 1508 299 Boissona-

33 343 130 384 dum
160 341 226 381 cll.
257 338 468 381 Plutarch.
499 340 642 392 Symp.
671 337 753 380 V11
784 337 812 377 8
840 349 883 390 p.
913 337 998 377 712
1028 337 1078 377 A.

142 422 207 462 Ex
244 433 293 460 ea
329 419 496 460 fabulae
525 422 644 472 parte
681 408 724 457 in
754 428 834 469 qua
863 416 1146 456 emendandae
1176 418 1436 470 reipublicae
1463 397 1521 458 et

32 501 271 542 melioribus
300 499 462 551 legibus
492 497 705 551 regundae
735 495 903 535 consilia
931 495 1034 535 inita
1064 508 1158 535 esse
1184 496 1394 547 videntur,
1425 510 1506 537 non

33 581 198 632 inepte,
234 583 282 619 ut
320 578 510 630 equidem
553 577 721 629 opinor,
759 574 872 614 hunc
908 586 1075 613 versum
1105 575 1281 627 petitum
1313 589 1408 617 esse
1438 589 1506 616 su-

33 659 227 712 spiceris:

258 729 623 786 ἀμβλυστονῆσαι
651 729 728 771 καὶ
752 727 944 784 χλοῆσαι
972 727 1053 780 τὴν
1082 726 1225 782 πόλιν,

32 825 156 867 quem
185 827 267 854 non
297 812 436 852 addito
467 812 634 852 fabulae
661 811 815 852 indicio
845 811 1022 852 servavit
1038 812 1178 864 Etym.
1194 811 1256 854 M.
1271 825 1313 865 p.
1330 811 1415 852 200
1438 810 1509 852 50.

30 895 86 936 At
115 893 263 934 Suidas
291 906 325 933 s.
355 905 393 935 v.
423 886 849 945 ἀναβλυστανῆσαι,
890 885 942 929 τὸ
972 884 1241 941 ἀναβλύσαι.
1314 885 1510 939 Εὔπολις-

30 968 207 1026 Δήμοις.
266 971 355 1013 Cfr.
385 972 577 1012 Eustath.
606 971 658 1011 ad
690 970 809 1016 Iliad,
839 962 876 1024 ρ’
920 983 962 1023 Ρ.
995 969 1107 1010 1095
1137 971 1259 1010 Rom.
1317 969 1508 1022 Denique

30 1050 74 1094 in
103 1053 187 1092 fine
216 1049 398 1100 fabulae,
426 1049 604 1091 heroum
633 1049 792 1090 umbris
813 1048 866 1090 ad
888 1047 1048 1089 inferos
1063 1049 1350 1100 redeuntibus,
1380 1049 1509 1090 hosce

15 1137 176 1170 *versus
204 1129 342 1170 locum
371 1129 566 1170 habuisse
597 1128 811 1169 coniicias:

79 1201 365 1262 ’.Αναθιόμεν
392 1205 472 1247 νῦν
494 1203 649 1262 χήμεῖς
679 1201 852 1253 τούτοις
879 1201 1015 1245 τασδὶ
1043 1200 1121 1253 τὰς
1151 1199 1416 1260 εἶρεσιώνας,

86 1285 165 1326 καὶ
206 1282 557 1340 προσαγήλωμεν
605 1279 886 1331 ἐπελθόντες.
942 1309 999 1319 --
1029 1279 1206 1339 χαίρετε
1245 1278 1417 1331 πάντες.
1453 1310 1510 1319 .-

803 1357 1077 1417 δεχόμεσθα.

34 1448 151 1500 Quae
180 1443 363 1486 servavit
391 1444 540 1486 Suidas
570 1457 604 1486 s.
634 1458 673 1486 v,
703 1436 868 1495 ἆγῆλαι
898 1447 939 1483 et
970 1443 1070 1486 Lex,
1101 1442 1279 1494 Seguer.
1311 1443 1330 1490 Ι
1359 1456 1402 1496 p.
1426 1443 1511 1483 328

34 1526 279 1567 emendante
307 1525 494 1565 Porsono
526 1523 635 1576 apud
669 1522 953 1563 Gaisfordium
983 1522 1035 1562 ad
1064 1521 1207 1574 Heph.
1236 1534 1279 1574 p.
1304 1522 1403 1563 278.
1447 1523 1510 1562 De

35 1608 222 1657 tempore
252 1616 333 1656 quo
365 1609 456 1644 acta
485 1604 539 1643 sit
567 1602 722 1652 fabula,
753 1603 856 1643 nihil
885 1602 1020 1642 habeo
1053 1600 1163 1653 quod
1193 1613 1270 1653 pro
1302 1605 1418 1641 certo
1449 1601 1511 1641 af-

33 1682 178 1724 feram.
236 1684 292 1724 At
321 1696 414 1724 cum
446 1683 755 1732 Demostratus,
785 1694 908 1734 quem
939 1681 1018 1720 hac
1048 1679 1190 1719 fabula
1218 1680 1511 1737 perstrinxisse

31 1763 214 1816 Eupolin
253 1762 452 1812 vidimus,
489 1775 595 1803 unus
634 1763 818 1802 omnium
855 1761 1031 1801 maxime
1060 1758 1243 1800 Siculam
1281 1759 1513 1811 expeditio-

34 1853 151 1892 nem,
205 1841 583 1882 funestissimorum
638 1840 840 1881 malorum
886 1853 1093 1888 caussam,
1147 1837 1512 1886 commendaverit,

0 1948 1 1951 =
35 1921 246 1974 Aristoph.
285 1921 457 1972 Lysistr.
488 1921 572 1960 3⁹8
603 1927 646 1960 et
668 1921 887 1962 Pluuffic.
905 1921 959 1960 12
988 1919 1122 1960 Alcib.
1154 1919 1226 1966 18,
1258 1929 1392 1969 eoque
1421 1917 1511 1969 ipso

23 2000 252 2054 ,Eupolidis
281 2000 549 2051 omniumque
576 2000 844 2052 prudentium
883 2005 926 2039 et
954 1999 1114 2052 patriae
1143 1998 1368 2037 amantium
1399 1997 1509 2037 viro-

25 2089 128 2120 {um
165 2079 307 2131 odium
349 2079 550 2120 excitasse
588 2081 796 2129 videatur,
834 2079 946 2119 haud
983 2079 1119 2128 inani,
1161 2077 1333 2129 opinor,
1372 2075 1511 2116 conie-

0 2161 154 2205 ,πίω-ιι
180 2162 371 2210 quartum
400 2170 551 2198 annum
582 2159 747 2212 Olymp.
778 2159 875 2200 XCI
914 2158 1081 2198 fabulae
1118 2154 1398 2195 commissioni
1439 2154 1511 2192 ad*-

0 2238 300 2291 msignabimm.
375 2238 507 2289 Quam
545 2238 823 2289 suspicionem
863 2237 986 2276 etiam
1026 2235 1285 2286 Laespodiae
1328 2246 1510 2273 comme-

0 2336 4 2356 ι
38 2317 212 2356 moratio
244 2317 488 2356 confirmare
516 2317 704 2366 videtur,
741 2329 865 2369 quem
896 2315 1060 2367 Olymp.
1091 2314 1187 2353 XCI
1218 2313 1245 2352 3
1281 2313 1508 2364 imperato-

0 2421 4 2428 ·
41 2396 106 2436 rio
147 2406 321 2435 munere
357 2394 546 2435 functum
590 2409 709 2446 ense,
755 2409 780 2435 e
816 2393 1063 2446 Thucydide
1102 2391 1307 2434 V11.105
1351 2391 1508 2432 intelli-

35 2474 169 2527 gitur.
204 2475 271 2526 ⁷¹²)

0 2702 3 2710 .
33 2650 39 2669 ³
106 2651 173 2701 “⁴)
204 2649 396 2694 Proximo
427 2657 614 2707 tempore
643 2658 738 2708 post
763 2651 941 2694 Siculam
972 2652 1131 2692 cladem
1157 2646 1322 2703 Olymp.
1340 2646 1458 2690 XCII
1484 2649 1505 2687 1

152 2711 333 2751 fabulam
364 2718 494 2751 actam
525 2724 616 2751 esse
646 2712 878 2764 suspicatur
906 2710 1084 2762 Raspius
1115 2709 1141 2749 Ι.
1172 2709 1200 2748 l.
1231 2721 1272 2759 p.
1305 2707 1372 2745 11.

98 2796 193 2833 nisu
211 2799 284 2833 crit.
311 2801 408 2834 Com.
435 2811 547 2843 graec.
1202 2786 1227 2821 9
