1702 3190
649 103 653 105 ’
670 125 884 157 memma.
1421 112 1506 154 455

39 230 120 272 leci
145 227 354 283 Diphiliae
389 226 559 270 fabulae
586 225 766 268 indicem
802 225 936 267 fuisse
965 219 1280 280 Ἐπιτροπεὺς,
1320 235 1416 266 eum
1451 225 1506 267 de

37 306 172 348 incola
206 308 304 361 pagi
336 300 584 362 Ἐπιτροπή
612 304 967 358 interpretandum
997 317 1092 345 esse
1129 304 1391 346 crediderim.
1437 304 1506 346 In·

36 384 208 437 scriptio
247 386 358 439 apud
394 384 652 427 Boeckhium
682 384 807 438 Corp.
836 382 1011 424 Inscr.1
1052 384 1156 423 6262
1203 377 1505 437 Ἀπολλοφά-

34 473 114 513 νης
149 459 357 519 Σατύρου
390 458 739 519 Ἐπιτροπῆθεν.
803 463 867 503 De
902 460 1135 501 fabularum
1167 461 1298 503 titulis
1327 463 1378 503 ab
1409 464 1503 504 atti-

33 553 178 585 corum
213 556 415 598 pagorum
454 544 601 585 incolis
637 542 778 596 petitis
815 540 898 581 dixi
935 552 1060 593 supra
1096 553 1138 593 p.
1170 540 1268 580 422.
1351 534 1505 582 Ἐπί..

33 618 228 675 κληρος
263 622 456 664 laudatur
490 635 516 663 a
555 621 730 663 Polluce
767 620 807 662 X
844 620 914 660 99.
978 617 1043 660 De
1078 619 1337 660 Eunucho
1377 633 1504 674 supra

38 697 195 741 dictum
237 714 279 754 p.
328 701 428 743 451.
504 699 547 741 Z
552 694 805 754 ωγράφος
850 704 915 744 est
964 697 1074 751 apud
1132 697 1396 741 Athenaeum
1443 701 1503 743 Vl

5 789 73 832 p.
100 778 227 819 2301:
258 779 338 822 VII
366 791 408 833 p.
437 779 559 820 2911·
578 784 621 820 et
649 780 876 821 Stobaeum
904 778 1019 819 Flor.
1050 777 1126 819 CV
1152 776 1195 818 5.
1230 772 1503 833 Ἡρακλῆς

29 856 141 910 apud
169 857 322 899 Athen.
352 857 390 898 X
419 871 460 911 p.
488 858 571 899 421
590 872 629 901 e.
678 850 862 913 ‘'prg
889 857 991 898 ibid.
1029 856 1089 898 IX
1118 869 1160 910 p.
1190 857 1272 898 371
1291 872 1329 900 a.
1392 855 1501 909 Θη-

27 931 233 992 σαυρὸς
270 937 380 991 apud
423 938 647 979 Stobaeum
682 938 831 984 Floril.
869 936 949 980 xu
992 936 1060 977 12.
1134 932 1349 986 Θησεὺς
1389 939 1502 993 apud

0 1010 1 1033 ¹
26 1015 182 1059 Athen.
211 1017 270 1059 VI
298 1029 341 1070 p.
371 1017 492 1057 2623
519 1020 564 1058 et
589 1016 629 1059 X
658 1030 700 1071 p.
729 1017 814 1065 461
830 1018 873 1064 b.

0 1078 2 1091 ι
139 1097 273 1148 Quam
300 1089 690 1150 Κληρούμενοι
724 1097 935 1150 inscripsit
961 1094 1172 1145 fabulam,
1212 1108 1305 1136 eam
1338 1095 1383 1138 in
1419 1096 1500 1139 Ca-

0 1186 3 1204 1
28 1173 119 1217 sina
148 1175 352 1229 expressit
380 1174 567 1222 Plautus.
622 1175 685 1218 Ita
714 1176 827 1223 enim
854 1176 928 1217 ine
957 1175 1072 1217 Prol.
1100 1175 1182 1215 31:

19 1286 31 1296 .
81 1253 436 1296 Clerumenoe
462 1259 686 1297 vocatur
713 1254 847 1301 haec
876 1254 1151 1301 comoedia

24 1361 48 1371 »,
76 1344 295 1387 graece,
322 1333 500 1375 latine
528 1334 854 1384 Sortientes,
910 1334 1166 1389 Diphilus

72 1410 210 1454 hanc
238 1426 425 1468 graece
454 1415 705 1469 scripsit,
733 1418 857 1474 post
884 1415 942 1455 id
969 1426 1173 1455 rursum
1203 1412 1377 1458 denuo

77 1491 248 1552 latine
277 1493 505 1535 Plautus
535 1507 644 1535 cum
673 1494 901 1541 latranti
929 1494 1153 1536 nomine.

22 1569 157 1613 Porro
171 1568 431 1627 Λημνίας
456 1573 600 1616 laudat
625 1573 855 1623 Athen2VI
883 1589 925 1629 p.
953 1572 1074 1615 307f
1098 1572 1170 1619 cll.
1198 1570 1257 1613 IV
1285 1582 1329 1624 p.
1358 1569 1498 1611 1681».

23 1651 266 1693 Lemnias
294 1653 553 1708 scripserunt
582 1655 708 1694 etiam
738 1655 991 1696 Nicochares
1021 1656 1064 1693 et
1091 1649 1366 1704 Antiphanes,
1395 1649 1498 1689 Le-

19 1731 207 1772 mniam
234 1731 390 1775 Alexis.
445 1732 626 1787 Turpilii
654 1733 900 1781 Lemnias
929 1732 1148 1787 aliquoties
1179 1730 1303 1773 affert
1321 1728 1497 1778 Nonius,

18 1811 137 1862 cuius
171 1810 339 1860 fabulae
385 1811 551 1854 mulum
589 1813 766 1861 Bothius
797 1813 970 1868 Fragm.
1012 1812 1133 1853 Com.
1177 1823 1220 1864 p.
1258 1807 1316 1850 85
1359 1807 1503 1851 miuus

18 1895 135 1933 recte
162 1890 267 1932 fecit
293 1892 512 1939 Lemnii.

129 1967 190 2012 M
195 1965 386 2024 αινόμε
400 1981 495 2012 νον
522 1971 725 2016 habemus
751 1971 863 2025 apud
893 1970 1121 2012 Pollucem
1151 1967 1191 2010 X
1227 1967 1302 2016 18.
1331 1962 1495 2014 Μνη-

17 2042 218 2106 μάτιον
255 2050 367 2104 apud
389 2051 545 2098 Athen.
573 2051 636 2098 ΙΙΙ
664 2064 710 2111 p,
738 2051 822 2098 124
837 2050 880 2098 d.
943 2041 1349 2104 Παιδεραστάς
1389 2042 1493 2085 ibid.

18 2129 62 2172 X
98 2142 143 2183 p.
170 2129 308 2171 423e.
372 2125 685 2185 Παλλακὴν
732 2129 846 2183 apud
886 2129 1074 2188 Etymol.
1115 2128 1179 2169 M.
1222 2139 1265 2179 p.
1294 2125 1380 2165 206
1423 2123 1493 2163 16.

20 2202 348 2263 Παράσιτον
388 2208 500 2261 apud
537 2208 693 2254 Athen..
728 2208 788 2254 VI,
830 2222 875 2262 p,
901 2208 1043 2253 2361).
1087 2207 1172 2247 238
1189 2205 1222 2252 f,
1265 2204 1349 2245 247
1368 2203 1410 2243 d.
1453 2199 1495 2242 X

20 2301 64 2343 p.
92 2287 234 2338 4221»,
268 2287 417 2341 quibus
443 2287 548 2328 locis
575 2300 684 2340 quae
712 2292 875 2333 servata
903 2289 1000 2328 sunt
1035 2285 1288 2340 fragmenta,
1328 2281 1493 2324 abunde

23 2366 174 2408 docent
219 2370 385 2420 poetam
437 2365 518 2407 hac
552 2366 596 2408 in
633 2366 775 2407 fabula
811 2367 983 2420 parasiti
1022 2365 1232 2419 ingenium
1271 2368 1316 2404 et
1353 2374 1492 2404 mores

24 2444 118 2486 data
153 2458 282 2499 opera
318 2445 603 2498 descripsisse.
674 2440 944 2493 Πελιάδες
980 2446 1201 2487 laudantur
1238 2444 1397 2486 Athen.
1432 2441 1492 2485 IV

23 2536 66 2579 p.
95 2523 177 2565 156
195 2524 228 2567 f.
291 2521 672 2579 Πιθραύστης
711 2525 866 2567 ibidem
898 2526 1000 2568 XIII
1028 2539 1071 2579 p.
1099 2525 1185 2567 484
1202 2538 1240 2574 e,
1276 2523 1349 2564 ubi
1378 2520 1509 2575 quod⁴

23 2603 292 2646 Gasaubonus
314 2605 429 2647 dicit
465 2604 564 2646 alibi
600 2616 648 2645 se
683 2600 973 2660 Τιθραύστης
1011 2606 1210 2661 scriptum
1239 2601 1494 2656 repperisse,

24 2685 252 2726 memoriae
280 2689 346 2726 est
374 2697 512 2727 errore
541 2696 744 2738 nusquam
770 2686 879 2728 enim
894 2692 1113 2741 praeterea
1134 2699 1186 2728 ea
1212 2682 1354 2725 fabula
1378 2691 1509 2720 com-.
