1702 3190
0 0 70 119 Ἴ

0 284 2 286 ,
12 235 17 289 ἰ

453 144 506 173 »a
536 145 693 172 manua
724 142 962 172 communae
992 141 1162 171 ιΝυοικ.
1449 131 1536 173 288

68 247 178 289 enlm
195 245 260 306 ‘do
289 244 578 299 mythologicis
612 246 840 286 mediorum
867 243 1118 283 comicorum
1147 243 1325 294 fabulis,
1363 257 1537 298 quarum

11 337 14 383 j
68 330 117 367 ut.
142 339 262 378 quam
290 325 487 376 frequens
516 325 646 366 fuerit
674 326 771 374 illis,
802 324 855 364 de
878 322 1026 375 quibus
1058 324 1199 364 dicere
1228 325 1402 374 institui,
1430 330 1538 367 tem·-

10 427 17 458 l

70 404 238 457 poribus
275 405 465 445 tractatio
496 407 618 458 plane
654 405 931 457 intelligatur,
968 401 1183 442 titulorum
1220 403 1400 444 indicem
1438 405 1538 446 suba

70 487 217 523 texam.
277 483 422 535 Itaque
452 489 618 536 praeter
646 485 842 525 Cocalum
874 487 915 520 et
944 480 1263 521 Aeolosiconem
1293 483 1538 536 Aristopha-

68 560 132 600 nis
163 561 405 602 ferebantur
433 563 634 603 Anchises
663 563 860 603 Anaxilae
891 565 933 600 et
962 558 1132 608 Eubuli,
1163 559 1320 601 Adonis
1350 564 1538 606 Ararotis

9 655 11 690 3
69 640 313 691 Antiphanis
343 641 614 693 Nicophoutis
644 640 815 680 Philisci
847 643 890 678 et
919 638 1103 687 Sandis,
1132 639 1319 680 Achilles
1347 642 1540 685 Anaun-

8 726 11 756 i
70 717 196 756 dridis
225 722 267 757 et
296 719 545 777 Philetaeri,
583 718 782 759 Athamas
811 718 1027 771 Amphidis
1057 722 1100 757 et
1129 719 1397 772 Antiphanis,
1426 723 1540 762 Aeo-

8 803 11 851 ξ
65 793 131 834 lus
159 795 403 847 Antiphanis
434 802 476 838 et
505 798 668 850 Eriphi,
698 798 875 838 Alcestis
895 797 1157 850 Antiphanis,
1174 801 1407 840 Amazones
1436 801 1539 854 Epi-

7 856 11 876 ἶ
67 873 207 922 cratis,
245 875 464 917 Amalthea
492 878 669 927 Eubuli,
705 878 888 918 Antaeus
920 883 962 918 et
990 879 1124 917 Antea
1154 879 1424 931 Anfiphanis,
1453 883 1540 922 Au-

67 951 179 1005 tiope
214 954 390 1005 Eubuli,
430 957 612 997 Artemis
649 958 850 1010 Ephippi‚
892 957 1166 1008 Aesculapius
1205 959 1454 1011 Antiphanis
1497 965 1539 1002 et

67 1031 316 1084 Philetaeri,
361 1036 554 1075 Atalante
590 1036 775 1077 Alexidis
820 1040 863 1076 et
905 1035 1160 1085 Philetaeri,
1203 1038 1323 1091 Auge
1367 1040 1540 1090 Eubuli,

1 2447 8 2526 2⁴-
0 2208 9 2433 Mar-*vv-

51 1111 251 1152 ‚Bacchae
280 1114 552 1166 Antiphanis‚
582 1115 865 1168 Bellerophon
895 1115 1073 1163 Eubuli,
1103 1115 1261 1154 Busiris
1290 1117 1540 1169 Antiphanis

65 1190 249 1244 Ephippi
288 1193 566 1234 Mnesimachi
610 1198 653 1234 et
696 1195 876 1234 fortasse
917 1193 1075 1234 Cratini
1114 1192 1309 1244 iunioris,
1359 1197 1539 1250 calypso

66 1269 284 1320 Anaxilae,
316 1273 504 1313 Caeneus
533 1274 781 1326 Antiphanis
811 1278 852 1312 et
881 1273 1095 1321 Arai-otis,
1133 1274 1367 1315 Centaurus
1397 1277 1541 1317 Timo-

67 1347 142 1388 olis
179 1354 221 1390 et
260 1351 526 1404 Ophelionis,
575 1355 784 1406 Cercopes
821 1352 998 1400 Eubuli,
1047 1353 1257 1405 Cephalus
1297 1354 1541 1406 Philetaeri,

69 1427 188 1469 Circe
216 1430 413 1472 Anaxilae
444 1437 485 1472 et
515 1434 714 1486 Ephippi‚
745 1431 925 1486 Cyclops
955 1431 1216 1484 Antiphanis,
1247 1435 1413 1488 Cycnus
1441 1435 1542 1476 Ale-

66 1506 170 1548 xidis
208 1513 251 1548 et
278 1511 452 1560 Eubuli,
489 1512 698 1552 Daedalus
727 1511 905 1560 Eubuli,
945 1511 1170 1551 Deucalion
1201 1513 1357 1553 Eubuli
1395 1518 1437 1554 et
1467 1515 1542 1555 Ti·

69 1564 224 1637 moclis,
255 1589 388 1629 Dolon
419 1591 587 1640 Eubuli,
613 1591 734 1631 Echo
764 1594 807 1630 ct
837 1590 1006 1642 Europa
1034 1591 1211 1640 Eubuli,
1241 1592 1414 1633 Galatea
1442 1593 1543 1634 Ale-

68 1664 192 1716 xidie,
229 1667 492 1721 Ganymedes
522 1670 769 1723 Antiphanis
807 1673 851 1709 et
888 1668 1065 1717 Eubuli,
1098 1669 1315 1722 Geryones
1342 1672 1544 1726 Ephippi‚

71 1743 267 1797 Gigantes
296 1747 453 1788 Cratini
481 1749 678 1798 iunioris,
717 1749 899 1788 Glaucus
927 1747 1126 1788 Anaxilae
1157 1753 1198 1788 et
1226 1751 1403 1800 Eubuli,
1439 1752 1546 1791 Gra-

72 1823 157 1863 tiae
185 1828 424 1878 eorundem,
456 1829 673 1882 Gorgones
690 1828 912 1877 Heniochi,
937 1828 1098 1868 Hecate
1112 1828 1352 1879 Nicostrati,
1379 1831 1546 1872 Helena

72 1904 371 1947 Anaxandridis
402 1912 444 1947 et
473 1909 698 1957 Heracliti,
735 1909 927 1948 Helenae
956 1910 1102 1959 raptus
1131 1911 1173 1948 et
1203 1909 1396 1950 Helenae
1426 1912 1545 1964 proci

72 1983 276 2034 Alexidis,
320 1987 528 2027 Hercules
575 1987 898 2036 Anaxandridis,
942 1987 1131 2028 Hesione
1170 1989 1376 2038 Alexidis,
1424 1990 1546 2030 lason

72 2065 317 2116 Antiphanis
342 2069 385 2104 et
412 2067 612 2116 Alexidis,
643 2067 716 2107 lon
744 2067 861 2108 Ixion
892 2071 935 2107 et
964 2067 1080 2108 Leda
1109 2067 1273 2120 Sophili
1304 2073 1347 2108 et
1377 2069 1549 2117 Eubuli,

75 2141 205 2182 Linus
233 2143 439 2191 Alexidis,
474 2146 648 2184 Milanio
678 2147 946 2199 Antiphauis,
981 2147 1199 2198 Meleager
1227 2146 1475 2198 Antiphanis
1504 2151 1548 2189 ot

78 2218 329 2268 Philetaeri‚
358 2221 569 2262 Meliboea
597 2224 767 2275 Eriphi,
797 2225 984 2276 Meropis
1014 2225 1222 2273 Alexidis,
1249 2225 1403 2265 Medea
1431 2225 1549 2267 Auti-

79 2296 226 2349 phanis
255 2301 297 2338 et
321 2299 500 2349 Eubuli,
531 2301 671 2342 Minos
699 2303 947 2355 Antiphanis
977 2307 1024 2342 et
1047 2303 1253 2353 Alexidis,
1283 2306 1433 2345 Musae
1460 2306 1549 2348 Eu-

82 2374 254 2428 phronis
277 2381 319 2415 et
350 2379 607 2430 Ophelionis‚
637 2382 839 2423 Nausicaa
870 2383 1045 2431 Eubuli,
1074 2383 1376 2437 Neoptolemus
1405 2385 1549 2426 Theo-

83 2454 209 2507 phili,
244 2456 447 2496 Nereides
486 2459 810 2510 Anaxandridis,
857 2462 1044 2515 Oenopio
1076 2463 1323 2513 Nicostrati,
1363 2465 1550 2518 Oedipus

0 2561 8 2582 ,
83 2534 259 2584 Eubuli,
297 2536 531 2578 Oenomaus
568 2539 634 2578 vel
673 2540 826 2593 Pelops
863 2541 1109 2594 Antiphanis
1145 2546 1189 2582 et
1228 2544 1406 2593 Eubuli,
1448 2545 1549 2585 Om-

0 2621 7 2670 ξ
82 2611 208 2665 phale
238 2615 481 2667 Antiphanis
511 2621 552 2657 et
582 2619 764 2670 Cratini,
802 2621 973 2661 Orestes
1001 2621 1207 2671 Alexidis,
1239 2624 1436 2676 Orpheus
1464 2623 1551 2666 An-

1 2703 7 2729 ε
60 2692 286 2744 >tiphanis,
328 2694 412 2736 Pan
442 2698 682 2750 Amphidis,
721 2700 932 2742 Pandarus
961 2701 1285 2752 Anaxandridis,
1316 2701 1552 2743 Pandrosus
