1702 3190
233 169 290 211 16
825 175 878 206 11ss
906 177 1157 208 auca-omnus

232 275 524 321 Valckenarius
550 274 677 316 Diatr.
706 286 748 328 p.
778 275 860 317 182
901 278 952 319 de
981 276 1226 333 Asclepiade
1255 278 1487 333 Tragilensi
1520 278 1686 320 intelle-

232 357 305 397 xit.
350 354 503 394 Similis
531 353 759 407 argumenti
788 352 918 393 fuisse
936 354 1125 394 videntur
1137 355 1340 407 Nestoris,
1367 358 1547 397 incertae
1575 360 1687 397 aeta·

232 434 285 474 tis
315 431 553 484 scriptoris,
583 425 883 483 ὑπομνήματα
910 426 1125 483 θεατρικὰ
1161 433 1211 472 ab
1247 445 1329 474 uno
1358 434 1571 476 Athenaeo
1600 434 1688 473 lau-

233 510 327 550 data
354 510 425 550 lib.
454 508 493 549 X
522 522 562 561 p.
593 508 675 549 415
697 522 734 558 a,
775 509 846 548 ubi
881 511 1019 548 narrat
1056 508 1108 547 de
1146 509 1365 550 Herodoro
1394 512 1560 551 tibicine
1594 511 1687 551 Me-

233 587 415 640 gaoensi,
459 586 529 639 qui
571 586 669 625 vixit
712 585 965 638 temporibus
1005 586 1206 626 Demetrii
1246 587 1518 628 Poliorcetae.
1586 587 1688 627 Post

233 663 375 704 Iubam
402 675 545 715 regem
578 664 745 704 Tiberio
776 666 819 703 et
846 663 1011 704 Nerone
1039 663 1333 716 imperantibus
1360 665 1500 706 floruit
1529 664 1686 705 Soteri·

194 778 198 782 .
233 741 307 781 das
335 741 596 792 Epidaurius,
626 740 866 792 Pamphilae
895 739 1153 781 doctissimae
1181 746 1391 782 matronae
1418 741 1488 793 (v.
1517 742 1699 795 I’roleg.v

232 819 287 859 ad
314 818 530 860 Menandr.
558 830 600 870 p.
629 817 823 869 XXXIV)
852 821 991 870 pater,
1020 820 1089 872 qui
1117 825 1280 873 praeter
1307 813 1601 872 ὑπομνήματα
1627 812 1688 866 εἷς

234 893 498 949 Μένανδρον
525 896 655 935 tribus
684 895 798 935 libris
828 896 1123 948 comprehensa
1152 897 1313 949 scripsit
1334 895 1431 948 περὶ
1445 890 1686 950 κωμῳδίας,

231 975 475 1015 testantibus
510 973 668 1014 Eudoc.
697 986 738 1026 p.
769 973 851 1012 387
889 978 932 1013 et
958 974 1084 1014 Suida
1112 975 1191 1014 vol.
1222 974 1282 1014 111
1310 986 1352 1026 p.
1382 973 1478 1023 357,
1516 974 1587 1014 ubi
1616 972 1686 1025 qui

231 1053 349 1093 testis
379 1052 598 1091 advocatur
626 1051 844 1102 Dionysius
871 1051 915 1090 in
942 1047 1128 1105 μουσικῇ
1157 1046 1351 1104 ἱστορίᾳ,
1389 1063 1484 1091 eum
1511 1063 1594 1091 non
1622 1050 1685 1090 di·

231 1141 396 1170 versum
424 1127 555 1167 fuisse
583 1128 633 1166 ab
665 1139 714 1165 eo
745 1138 867 1178 quem
895 1127 1042 1167 Suidas
1067 1139 1102 1167 s.
1129 1139 1168 1168 v.
1197 1119 1495 1180 Ἀντιφάνης,
1532 1127 1604 1167 ubi
1632 1125 1686 1168 de

230 1205 474 1257 Antiphanis
505 1204 648 1244 comici
677 1205 807 1256 patria
836 1204 982 1255 agitur,
1011 1205 1062 1245 ad
1089 1207 1226 1257 partes
1250 1207 1380 1253 vocat,
1409 1204 1519 1244 haud
1546 1204 1686 1256 inepte

231 1284 422 1324 coniicias
450 1295 500 1322 ex
515 1282 723 1335 Stephano
745 1282 844 1333 Byz.
873 1294 905 1322 s·
935 1294 974 1322 v.
999 1271 1170 1334 ‘Ya‘pe'a‘
1189 1295 1230 1334 p.
1245 1282 1329 1322 724
1356 1281 1428 1322 ubi
1458 1281 1511 1322 de
1538 1283 1685 1335 Euage

231 1365 355 1415 poeta
385 1360 539 1402 comico
579 1360 728 1399 citatur
754 1354 980 1406 Διονύσιος
1015 1352 1193 1415 εἰκοστῷ
1220 1354 1347 1414 τρίτῳ
1375 1356 1451 1407 τῆς
1476 1357 1686 1412 μουσικῆς

231 1433 438 1493 ἱστορίας.
505 1438 658 1478 Totum
695 1449 798 1490 opu·
837 1448 908 1477 sex
944 1440 988 1476 et
1025 1437 1190 1490 triginta
1217 1437 1333 1476 libris
1369 1436 1602 1487 constabat,
1636 1441 1684 1487 ut

231 1518 425 1558 discimus
455 1529 479 1555 e
507 1515 635 1555 Suida
665 1528 699 1555 s.
721 1528 759 1555 v·
789 1508 1028 1563 Διονύσιος,
1058 1515 1130 1555 ubi
1156 1514 1286 1567 patria
1314 1513 1685 1556 Halicarnassensis

229 1595 358 1635 fuisse
394 1597 436 1634 et
472 1593 547 1633 sub
589 1593 765 1632 Traiano
783 1592 953 1644 ,vixisse
989 1594 1149 1633 dicitur.
1214 1591 1300 1632 Cfr.
1330 1604 1364 1632 s.
1388 1585 1684 1645 “Ηρωδιανός.

229 1672 435 1715 Antonino
471 1670 547 1710 Pio
591 1670 819 1722 imperante
863 1671 1026 1723 scripsit
1070 1669 1326 1722 Hephaestio
1372 1669 1683 1719 Alexandrinus,

230 1751 346 1790 cuius
375 1743 518 1794 λύσεις
545 1743 840 1801 ἀπορημάτων
866 1743 1065 1800 κωμικῶν
1093 1760 1197 1787 unus
1217 1747 1363 1788 Suidas
1393 1749 1684 1787 commemorat

228 1827 310 1868 vol.
341 1827 380 1866 11
409 1839 451 1878 p.
479 1825 549 1866 85.
615 1826 747 1866 Porro
787 1826 960 1866 multum
1000 1825 1124 1865 studii
1160 1825 1203 1865 in
1237 1825 1301 1865 his
1336 1825 1460 1864 rebus
1488 1829 1683 1876 posuerat

230 1904 411 1944 Galenus
460 1903 535 1943 sub
573 1904 778 1944 Antonino
808 1904 1059 1957 Philosopho
1098 1903 1250 1952 clarus,
1295 1902 1410 1942 cuius
1454 1901 1682 1954 compluria

228 1981 399 2021 fuerunt
427 1982 577 2033 scripta
605 1981 728 2022 huius
757 1983 944 2035 generis,
983 1994 1154 2034 quorum
1183 1992 1310 2021 unum
1336 1979 1576 2032 inscriptum
1602 1978 1702 2020 fuit

228 2052 269 2098 εἴ
279 2070 496 2114 χρησιμον
525 2054 794 2110 ἀνάγνωσμα
821 2059 912 2106 τοῖς
935 2056 1263 2111 παιδευομένοις
1289 2052 1316 2107 ἡ
1346 2052 1514 2096 παλαιὰ
1528 2049 1702 2115 κωμω-1

230 2132 326 2188 δία,
368 2138 543 2177 alterum
580 2134 668 2176 τῶν
706 2129 832 2175 ἰδιων
860 2131 1092 2190 ὀνομάτων
1117 2133 1314 2190 κωμικῶν
1340 2127 1702 2203 παραδείγματα1

228 2224 311 2255 uno
334 2215 442 2255 libro
473 2215 837 2268 comprehensum,
872 2215 1040 2255 tertium
1069 2210 1157 2253 τῶν
1184 2210 1285 2269 παρ’
1313 2207 1527 2254 Εὐπόλιδι
1552 2208 1698 2252 πολι-
1694 2230 1702 2255 1,

229 2289 357 2331 τικῶν
385 2287 614 2345 ὀνομάτων
641 2293 772 2333 tribus
802 2296 991 2334 constans
1025 2292 1162 2343 libris,
1199 2296 1287 2333 tum
1322 2287 1420 2346 περὶ
1446 2299 1533 2329 των
1561 2283 1695 2343 παρὰ

1688 2345 1694 2395 1

1689 2401 1692 2413 1

342 2453 506 2510 ρωνιδα
547 2453 740 2514 γράφων.
806 2462 920 2511 Quae
962 2463 1161 2500 attentare
1197 2471 1279 2499 non
1316 2457 1491 2496 debebat
1534 2455 1580 2495 C.
1625 2454 1678 2496 G.

341 2514 568 2555 Muellerus
599 2517 652 2555 de
681 2515 806 2568 Cyclo
837 2516 1086 2555 Graecorum
1117 2516 1231 2566 epico
1262 2527 1302 2565 p.
1326 2514 1393 2553 60.
1423 2512 1489 2551 64.
1557 2510 1680 2551 Adde

342 2567 557 2629 Polybium
597 2573 639 2610 in
668 2573 756 2622 ipso
795 2574 931 2622 operis
975 2572 1113 2610 initio.
1157 2569 1247 2615 τοῖς
1284 2564 1368 2620 πρὸ
1406 2562 1528 2618 ἡμων
1562 2560 1679 2603 ἀνα-

341 2620 558 2685 γράφουσι
585 2623 661 2671 τὰς
690 2622 880 2679 πράξεις,
917 2627 988 2665 ubi
1030 2626 1292 2665 Casaubonus
1324 2624 1526 2662 scribebat
1561 2616 1678 2660 dva-

341 2675 555 2735 γράψασι.
609 2683 755 2734 Neque
784 2682 860 2722 alia
884 2682 1007 2722 huius
1035 2692 1133 2720 usus
1165 2679 1349 2732 exempla
1378 2679 1536 2719 desunt.
1679 2684 1688 2746 1
