1702 3190
224 172 280 212 86
745 191 748 196 -
765 181 944 210 susAluo,
999 181 1170 212 nutus.

224 281 487 322 memoretur.
556 278 644 319 Nec
678 281 813 320 tamen
847 283 942 333 post
977 282 1107 333 prlma
1153 282 1222 322 Ille
1261 286 1469 326 conamina
1505 298 1672 339 prorsus

212 358 409 398 ..exulasse
447 368 496 396 ex
524 357 658 398 Attica
685 357 868 409 nihilque
904 359 1067 398 interim
1104 360 1344 402 incrementi
1374 365 1531 415 cepisse
1559 364 1671 404 vide-

222 439 290 474 tur
319 434 549 483 comoedia3
578 435 652 473 sed
682 448 773 474 cum
802 437 932 475 minus
957 437 1176 488 placuisset
1193 438 1295 477 haec
1310 419 1394 479 tota
1419 442 1670 482 conviciandi

221 512 462 562 ioeandique
491 513 594 551 ratio
625 514 919 564 spectantibus,
959 513 1151 558 fortasse,
1174 515 1295 553 etiam
1333 516 1419 556 aliis
1448 519 1669 558 rationibus

223 602 274 630 ex
301 590 473 629 civitatis
504 593 610 628 statu
639 589 874 640 repetendis
903 592 1204 639 accedentibus,
1234 591 1386 631 factum
1417 599 1492 642 est,
1521 599 1567 634 ut
1595 595 1670 634 mi-

222 667 313 706 nori
342 671 554 719 poetarum
583 666 650 706 vel
678 667 922 707 histrionum
951 669 1084 708 studio
1106 669 1312 708 coleretur
1341 673 1382 708 et
1407 671 1497 710 fere
1525 671 1567 710 in
1597 673 1669 710 ob-

221 756 340 785 scuro
372 745 654 791 delitesceret,
692 743 868 783 fortasse
905 758 958 785 ne
986 746 1026 787 in
1057 747 1200 785 urbem
1231 746 1392 797 quidem
1423 747 1667 788 intromissa.

217 822 458 862 Aristoteles
489 822 540 860 de
569 823 669 860 Arte
697 825 806 872 poet.
836 823 885 871 V,
915 823 942 862 3
971 817 997 870 ἡ
1026 818 1231 876 κωμῳδία
1259 819 1332 861 διὰ
1360 819 1410 862 τὸ
1437 820 1497 875 μὴ
1529 836 1668 863 σπου-

218 892 436 945 δάζεσθαι
464 895 508 947 ἐξ
537 892 668 950 ἀρχῆς
698 895 871 939 ἔλαθεν.
933 901 1149 952 Octoginta
1178 901 1340 940 demum
1368 905 1462 952 post
1481 902 1667 940 Susario-

217 985 313 1014 nem
342 975 477 1024 annis,
506 977 602 1016 inde
627 978 676 1016 ab
708 977 869 1029 Olymp.
901 976 1073 1016 LXXIII
1102 977 1168 1016 vel
1199 977 1384 1025 LXXIV,
1416 978 1559 1017 eodem
1588 979 1666 1031 igi-

217 1055 286 1091 tur
327 1057 513 1105 tempore
561 1067 640 1106 quo
671 1053 941 1106 Epicharmus
969 1055 1010 1093 in
1041 1055 1176 1094 Sicilia
1204 1055 1400 1093 comicum
1430 1058 1557 1093 artem
1585 1055 1666 1095 iam

216 1130 269 1168 ad
298 1131 510 1170 cultiorem
539 1130 712 1168 formam
742 1131 1000 1182 expoliverat‚
1031 1132 1152 1169 etiam
1182 1131 1289 1182 apud
1318 1131 1473 1170 Atticos
1501 1143 1666 1171 comoe-

217 1205 283 1245 dia
311 1206 515 1257 aliquanto
543 1207 796 1259 elegantiori,
825 1212 872 1247 ut
901 1210 1096 1260 suspicari
1119 1209 1228 1256 licet,
1257 1211 1414 1255 ornatu,
1444 1220 1562 1258 quam
1584 1220 1664 1259 quo

215 1286 335 1322 antea
371 1283 512 1323 induta
553 1284 711 1332 fuerat,
751 1285 899 1324 iterum
938 1287 1135 1334 surrexit,
1176 1287 1289 1324 cuius
1324 1284 1386 1324 rei
1433 1285 1663 1335 primariam

215 1373 398 1399 caussam
429 1373 479 1399 ex
506 1365 623 1400 aucta
637 1362 847 1413 popularis
871 1364 1032 1414 imperii
1061 1363 1248 1402 libertate
1276 1362 1542 1415 repetendam
1572 1360 1663 1403 esse

214 1442 360 1490 sponte
387 1438 642 1490 intelligitur.
676 1439 752 1479 His
781 1440 906 1497 igitur
933 1441 1208 1492 proximisque
1237 1441 1385 1480 abhinc
1412 1441 1662 1491 temporibus

213 1515 378 1554 fabulas
401 1515 481 1553 iam
510 1516 607 1567 ipsis
623 1515 793 1556 Athenis
823 1518 1002 1557 docuere
1018 1519 1254 1567 EUETES,
1275 1517 1594 1558 EUXENIDES
1616 1520 1662 1558 et

212 1572 457 1634 MY'LLUS.
489 1592 634 1632 Suidas
664 1605 695 1633 s.
718 1589 1042 1647 vxe'm'ZaQJmQ
1072 1595 1159 1635 T.1
1189 1595 1324 1647 p.s42
1353 1583 1409 1643 ἦν
1437 1592 1483 1633 δὲ
1512 1590 1662 1643 (Ἐπί,

207 1672 395 1723 χαρμος)
425 1667 508 1724 πρὸ
537 1668 622 1709 τῶν
649 1669 876 1722 Περσικῶν
906 1668 979 1721 ἔτη
1011 1669 1075 1721 ἕξ,
1113 1667 1332 1710 διδάσκων
1360 1669 1405 1709 ἐν
1434 1666 1661 1724 Συρακού-

212 1759 324 1794 σαις.
389 1745 435 1786 ἐν
471 1745 517 1786 δὲ
554 1743 783 1798 Ἀθήναις
810 1744 974 1799 Εὐέτης
1001 1744 1236 1798 Ἐὐξενίδης
1263 1748 1338 1787 καὶ
1367 1744 1521 1796 Μύλος
1549 1749 1659 1802 (leg.

211 1820 419 1877 Μύλλος)
449 1821 764 1875 ἐπεδείκνυντο,
794 1827 875 1866 hoc
904 1831 967 1867 est
997 1827 1159 1878 Olymp.
1190 1827 1377 1874 LXXIII,
1407 1828 1446 1868 1.
1502 1829 1566 1868 Ex
1593 1828 1659 1868 his

209 1902 400 1952 Baetem,
431 1905 545 1943 cuius
572 1905 640 1955 *vel
669 1918 818 1944 nomen
847 1909 1081 1957 suspectum
1111 1905 1239 1943 videri
1267 1908 1422 1956 potest,
1453 1907 1494 1943 et
1521 1906 1661 1944 Euxe-

209 1980 345 2018 nidem
374 1984 538 2032 praeter
567 1982 732 2022 Suidam
772 1995 892 2022 nemo
929 1985 1239 2030 commemorat3
1279 1986 1319 2021 at
1348 1982 1468 2033 Mylli
1503 1994 1659 2021 memo-

207 2059 309 2097 riam
344 2063 509 2110 praeter
535 2059 774 2099 Diomedem
805 2060 1119 2099 Grammaticum
1148 2059 1239 2098 loeo
1275 2071 1397 2110 supra
1425 2072 1465 2110 p.
1494 2059 1549 2099 24
1585 2058 1657 2098 ad·-

209 2136 360 2188 scripto
391 2140 606 2176 servarunt
633 2137 786 2189 plures.
843 2137 1077 2189 Hesychius
1105 2138 1184 2176 vol.
1205 2137 1244 2176 11
1272 2149 1313 2188 p.
1329 2137 1410 2175 632
1438 2134 1516 2174 καὶ
1541 2149 1655 2189 παρ-

209 2208 334 2263 οιμία
373 2208 553 2260 Μύλλος
591 2207 715 2253 πάντ’
759 2208 924 2264 ἀκούει,
971 2212 1043 2253 ἐπὶ
1071 2212 1158 2252 τῶν
1192 2208 1437 2251 ἀκουόντων
1465 2211 1540 2251 καὶ
1566 2225 1655 2251 κω-

209 2284 382 2342 φότητα
420 2290 815 2345 προσποιουμένων.
880 2289 974 2332 ἔστι
1011 2288 1056 2331 δὲ
1092 2289 1167 2330 καὶ
1202 2287 1436 2344 κωμῳδιῶν
1465 2286 1655 2344 ,ποιητὴς

209 2359 320 2406 οὕτω
349 2363 622 2421 καλούμενος.
678 2370 952 2423 Diogenianus
981 2370 1102 2410 Prov.
1130 2370 1202 2417 Vl,
1232 2368 1287 2407 40
1317 2362 1469 2414 Μύλθς
1498 2361 1655 2418 (Μύλ-

207 2441 308 2496 λος)
338 2439 460 2489 πάντ’
493 2441 657 2498 ἀκούει,
697 2446 768 2487 ἐπὶ
795 2446 881 2487 τῶν
907 2442 1142 2500 κωφότητα
1171 2443 1551 2499 προσποιουμένων
1578 2443 1655 2483 καὶ

208 2516 329 2561 πάντ’
360 2517 618 2566 ἀκουόντων.
679 2522 1063 2577 ΒΙύλος(]11ύλλος)
1091 2521 1173 2576 γὰρ
1200 2519 1432 2576 κωμῳδιῶν
1460 2517 1653 2572 ποιητής,

209 2594 259 2648 ὃς
294 2596 355 2654 μὴ
391 2595 564 2641 ἀκούειν
600 2598 858 2657 ὑπεκρίνετο.
934 2604 1088 2656 Quibus
1132 2600 1277 2641 similia
1316 2601 1440 2639 habet
1479 2599 1651 2639 Photius
