1702 3190
249 187 332 229 128
880 197 1064 228 euroms.

368 290 430 334 Οὐ
458 288 552 350 γάρ,
579 291 643 349 μὰ
671 291 751 344 τὴν
780 294 1039 350 Μαραθῶνι
1067 293 1148 346 τὴν
1172 292 1280 349 ἐμὴν
1306 291 1465 351 μάχην,

356 369 523 425 χαίρων
553 386 617 420 τις
645 369 790 411 αὐτῶν
817 369 982 426 τούμὸν
1009 369 1188 426 ἁλγυνεῖ
1208 373 1324 428 κέαρ.

252 453 396 503 Neque
425 452 476 491 ad
506 452 624 490 uliam
653 451 833 491 fabulam
860 452 935 492 hos
964 465 1040 505 ego
1071 464 1212 492 versus
1232 454 1460 493 rettulerim
1477 453 1687 493 aStobaeo

252 530 384 569 Serm.
415 529 550 568 XLIII
581 530 606 567 9
637 529 800 569 allatos:

359 605 432 645 καὶ
466 603 555 657 μὴν
582 602 659 656 ἐγώ
693 602 864 645 πολλῶν
892 600 1123 658 παρόντων
1149 599 1228 645 οὐκ
1257 603 1335 659 ἔχω
1364 603 1408 646 τί
1435 604 1563 657 λέξω·

358 676 471 723 οὕτω
497 678 659 738 σφόδρ’
692 679 809 735 ἀλγῶ
838 679 918 732 τὴν
947 680 1168 723 πολιτείαν
1198 679 1311 736 ὁρῶν
1338 679 1447 738 παρ’
1479 680 1593 737 ὑμῖν.

247 762 355 803 Vide
385 766 534 811 cetera,
563 763 606 802 in
635 762 779 814 quibus
809 763 1045 814 gravissime
1069 763 1121 802 de
1143 761 1306 801 funesta
1329 763 1580 814 reipublicae
1597 776 1691 803 con-

249 839 410 877 dicione
440 841 714 890 conqueritur,
745 841 858 879 cuius
886 841 948 879 rei
978 841 1095 892 culpa
1118 840 1290 880 maxime
1317 840 1360 879 in
1389 841 1589 880 exercitu·
1618 841 1692 881 du·-

249 928 318 954 ces
358 916 627 967 transfertur,
673 929 845 968 quorum
887 918 1128 969 pravitatem
1173 921 1215 956 et
1257 918 1477 970 nequitiam
1518 919 1692 970 exagitat

250 992 371 1033 etiam
398 994 440 1034 in
468 994 559 1035 loco
590 995 698 1047 apud
728 995 867 1035 Schol.
898 996 1091 1035 Aristidis
1117 994 1146 1035 l.
1176 995 1206 1036 1.

796 1067 996 1126 μειράκια·
1023 1068 1254 1125 κινούμενα

359 1145 406 1187 ἕν
435 1147 524 1195 τοῖς
546 1147 727 1203 σφυροῖς
754 1145 931 1187 ἕλκοντα
960 1146 1041 1198 τὴν
1070 1143 1350 1204 στρατηγίαν,

250 1230 292 1266 et
321 1227 430 1279 apud
458 1228 658 1279 Harpocr.
690 1240 723 1266 s.
753 1239 790 1267 V.
819 1223 1061 1279 μειαγωγός
1096 1240 1138 1279 p.
1168 1227 1263 1267 240.
1305 1227 1393 1266 Nec
1429 1222 1689 1266 dubitantium

250 1305 346 1355 quin
389 1305 440 1343 de
479 1304 612 1355 aliquo
651 1316 792 1344 eorum
827 1303 904 1344 hos
934 1317 1075 1344 versus
1106 1305 1155 1343 ab
1186 1305 1332 1344 eodem
1361 1305 1561 1356 Harpocr.
1591 1317 1625 1344 s.
1654 1315 1689 1342 v.

246 1376 480 1434 καθάρσια
501 1393 542 1432 p.
572 1381 656 1420 264
684 1384 865 1421 servatos
894 1386 1016 1434 poeta
1043 1382 1247 1434 posuerit:

360 1452 413 1497 ὂν
435 1456 546 1511 χρῆν
574 1454 620 1497 ἕν
648 1470 693 1497 τε
721 1457 817 1504 ταῖς
842 1451 1032 1511 τριόδοις
1060 1455 1141 1498 κάν
1169 1459 1258 1506 τοῖς
1286 1452 1546 1510 ὄξυθυμίοις

360 1531 688 1589 προστρόπαιον
716 1533 792 1584 τῆς
819 1530 982 1584 πόλεως
1009 1533 1220 1576 καίεσθαι
1249 1530 1485 1589 τετριγότα.

250 1613 312 1652 Ita
350 1614 457 1652 enim
496 1613 601 1653 haec
639 1614 871 1653 emendavit
899 1614 1106 1655 Porsonus
1135 1615 1237 1656 Adv.
1276 1627 1317 1666 p.
1346 1614 1442 1654 253.
1508 1612 1690 1654 Indidem

247 1689 353 1731 haee
393 1691 514 1731 ducta
547 1692 735 1743 suspicor
769 1692 878 1744 apud
905 1692 1066 1733 Vitlois.
1095 1692 1250 1734 Anecd.
1280 1692 1319 1732 11
1357 1704 1398 1744 p.
1428 1691 1483 1731 88
1517 1689 1592 1730 καὶ
1627 1688 1692 1730 λέ-

247 1764 377 1820 γουσι’
416 1779 462 1818 γε
505 1764 573 1807 Τὰ
607 1763 808 1823 μειράκια
844 1764 1142 1824 προϊστάμενοι
1176 1769 1267 1816 τοῖς
1303 1763 1537 1823 ἀνδράσιν,
1590 1781 1691 1820 quae

249 1848 397 1886 omisso
426 1847 590 1887 fabulae
619 1847 738 1886 titulo
768 1848 1009 1888 afferuntur.
1073 1849 1218 1900 Neque
1247 1848 1328 1887 iam
1356 1846 1588 1898 ambiguum
1618 1850 1690 1895 est,

249 1937 329 1975 quo
360 1937 481 1964 sensu
511 1925 618 1964 dicta
646 1924 801 1964 fuerint
826 1926 950 1964 verba
977 1921 1038 1977 μὴ
1058 1923 1185 1964 παιδὶ
1215 1921 1269 1963 τὰ
1295 1919 1432 1974 κοινά,
1452 1924 1560 1977 apud
1581 1923 1690 1962 Pho*

248 2001 351 2040 tium
395 2005 437 2040 et
476 2002 641 2042 Suidam
687 2007 858 2043 servata.
931 2004 1167 2044 Cuiusmodi
1208 1999 1358 2049 παῖδες
1403 2001 1492 2047 τοῖς
1535 1998 1690 2046 κοινοῖς

249 2075 506 2129 ἐπιθέμενοι
534 2078 653 2119 fuere
683 2080 944 2133 Hippocratis
973 2083 1061 2130 filii,
1092 2081 1335 2134 Telesippus
1364 2083 1406 2119 et
1432 2078 1687 2130 Demophon,

249 2155 510 2194 acerbissime
537 2157 659 2196 taxati
689 2157 730 2197 in
755 2158 984 2211 fragmento
1014 2159 1123 2211 apud
1149 2158 1315 2199 Suidam
1343 2157 1423 2197 vol.
1450 2156 1509 2198 111
1539 2169 1579 2208 p.
1595 2155 1687 2203 514,

248 2233 387 2274 Schol.
418 2234 542 2274 Arist.
573 2235 680 2275 Nub.
709 2236 804 2276 999.
836 2241 878 2276 et
907 2237 1199 2285 Demostratus,
1235 2235 1316 2275 vid.
1355 2235 1519 2275 Aristid.
1551 2234 1601 2274 T.
1633 2231 1686 2272 ln

247 2324 290 2363 p.
319 2311 442 2350 2150
477 2314 519 2350 et
557 2312 696 2353 Schol.
735 2314 945 2367 Aristoph.
983 2316 1078 2367 Lys.
1107 2315 1202 2355 398.
1254 2314 1483 2354 Salsissimo
1520 2311 1702 2350 dicterio»

248 2389 580 2441 perstringuntur
606 2391 875 2443 imperatores
906 2393 1154 2445 Laespodias
1184 2396 1226 2432 et
1253 2392 1459 2432 Damasias
1487 2391 1529 2430 in
1561 2388 1702 2429 *versis-¹

250 2466 325 2505 bus
362 2467 470 2518 apud
499 2467 634 2508 Schol.
663 2470 786 2509 Arist.
813 2471 887 2510 Av.
918 2471 1040 2511 1568.
1361 2521 1369 2530 .

360 2541 464 2582 ταδὶ
492 2541 547 2583 τα
575 2544 732 2600 δένδρα
760 2544 1043 2594 Λαισποδίας
1069 2545 1144 2586 καὶ
1171 2540 1403 2598 Δαμασίας

357 2615 513 2660 αὐαῖσι
539 2622 635 2671 ταῖς
660 2620 896 2678 κνήμαισιν
925 2620 1224 2665 ἀκολουθοῦσί
1247 2636 1336 2677 μοι,

1693 2552 1702 2732 ff

1689 2732 1702 2886 {²

1682 2979 1702 3101 g

1642 2982 1702 3190 'a
