1702 3190
474 132 692 164 ammrcus.
749 129 1014 162 ammaus.
1405 118 1491 161 269

8 214 9 235 z
33 237 191 279 uendi
220 234 523 290 significatione
553 233 664 287 apud
693 232 872 274 eundem
886 232 966 274 XV
993 245 1035 286 p.
1051 233 1135 272 689
1150 231 1182 283 f,
1213 225 1413 285 στάσιμα
1440 232 1495 274 de

8 318 191 358 trutinae
219 314 406 356 lancibus
434 313 546 366 apud
574 312 736 353 Polluc.
768 311 826 354 1v
859 312 959 362 173,
989 307 1165 364 ἄγαμαι
1193 325 1394 365 quaeso
1426 313 1494 354 vel

8 395 166 436 sodes
204 393 316 447 apud
342 393 606 434 Athenaeum
634 391 716 434 ΧΠ
739 404 781 446 Ρ.
810 391 896 433 553
913 405 950 443 a,
980 391 1074 442 alia,
1104 403 1211 443 quae
1241 405 1496 434 commemo-

9 486 104 515 rare
136 474 242 514 nihil
273 473 432 513 attinet.

126 552 424 594 EPILYCUS.
491 549 663 591 Suidasz
696 543 959 599 Ἐπίλυκος,
998 544 1200 603 κωμικός.
1258 546 1347 588 τῶν
1387 547 1495 604 δρα-

10 625 163 685 μάτων
208 626 352 671 αὑτοῦ
391 627 487 670 ἐστὶ
532 623 826 683 Κοραλίσκος,
871 629 960 669 sive
1004 630 1144 683 potius
1185 623 1492 684 Κωραλίσκος.

13 712 128 752 Idem
157 711 300 751 vitium
331 709 562 750 tollendum
600 721 625 748 e
660 709 938 750 Grammatico
968 709 1150 750 Bekkeri
1179 722 1221 762 p.
1250 709 1334 750 411
1368 709 1423 750 17
1453 713 1498 749 et

13 791 164 832 Photio
195 790 295 831 Lex.
325 803 358 830 s.
388 801 429 829 v.
460 781 741 841 τεττιγόνιον.
783 790 878 842 Ipse
908 789 1086 830 Photius
1115 802 1158 842 p.
1190 789 1275 829 198
1305 788 1360 828 15
1391 785 1496 827 Κω-

15 867 240 926 ραλίσκονε
284 866 336 910 τὸ
373 864 620 925 μειράκιον,
658 866 844 925 Κρῆτες.
915 869 1033 910 Idem
1070 868 1317 909 vocabulum
1347 868 1497 908 leviter

16 955 252 1005 corruptum
291 954 356 990 est
395 950 505 1003 apud
546 950 834 991 Herodianum
875 949 927 990 de
967 948 1067 988 dict.
1105 948 1217 988 solit.
1256 960 1298 1000 p.
1329 948 1386 987 20
1426 947 1496 996 30,

15 1025 289 1084 ἀστερίσκος,
316 1024 564 1082 ὀβελίσκος,
594 1025 822 1082 μανίσκος,
855 1023 1146 1083 κωρακίσκος,
1181 1028 1278 1080 lege
1307 1021 1498 1080 κωραλί-

0 1123 129 1164 ςσκος.
194 1111 446 1162 Fragmenta
484 1109 649 1150 fabulae
685 1109 865 1150 servavit
904 1108 1147 1150 Athenaeus
1178 1106 1237 1149 1V
1274 1121 1317 1160 Ρ.
1353 1107 1437 1147 133
1454 1108 1494 1147 b.

0 1171 136 1239 {140⁸
162 1194 206 1229 et
234 1188 335 1230 XIV
363 1202 406 1242 p.
436 1188 520 1229 65⁰
537 1202 573 1239 c,
612 1190 686 1229 ubi
725 1194 822 1229 ante
852 1187 1297 1239 Schweighaeuserum
1325 1187 1495 1239 legeba-

0 1242 84 1324 ltur
115 1263 399 1323 Φωραλίσκῳ.
430 1269 579 1320 Neque
609 1269 710 1308 mihi
739 1269 912 1308 dubium
941 1267 1106 1307 videtur
1136 1268 1236 1319 quin
1266 1280 1318 1307 ex
1348 1267 1495 1307 eadem

0 1349 152 1410 jfabula
185 1348 315 1401 petita
353 1348 436 1388 sint
474 1361 581 1400 quae
610 1348 810 1401 leguntur
840 1347 952 1401 apud
981 1347 1246 1387 Athenaeum
1276 1346 1295 1386 Ι
1326 1361 1368 1400 Ρ.
1398 1347 1454 1386 28
1472 1361 1496 1386 e

0 1417 61 1470 ¹et
95 1428 290 1469 Photium
329 1427 430 1468 Lex.
467 1440 510 1480 p.
539 1427 624 1467 353
665 1428 734 1469 15.
799 1428 1007 1479 Antiquae
1046 1427 1289 1467 comoediae
1327 1430 1494 1480 poetam

17 1508 165 1558 fuisse,
202 1510 250 1548 ut
279 1506 332 1547 de
361 1506 691 1560 fragmentorum
721 1507 865 1548 indole
896 1511 1079 1556 taceam,
1123 1520 1173 1547 ex
1212 1520 1262 1548 eo
1294 1507 1496 1560 colligere

0 1588 134 1638 ¹licet,
171 1585 283 1640 quod
320 1588 371 1627 ab
401 1587 619 1628 Athenaeo
652 1588 710 1630 IV
749 1601 790 1640 p.
822 1587 944 1627 1402»
983 1590 1026 1627 et
1056 1586 1334 1627 Grammatico
1364 1587 1495 1628 Bckk.

18 1667 47 1707 l.
76 1667 107 1708 1.
157 1679 250 1708 cum
287 1666 569 1719 Aristophane
617 1669 660 1707 et
696 1666 891 1720 Philyllio
928 1667 1205 1719 coniungitur.
1272 1668 1496 1720 Epilycum

19 1742 205 1796 ποιητὴν
230 1743 370 1798 ἐπῶν,
403 1747 583 1788 Cratetis
614 1747 762 1788 comici
791 1746 986 1797 fratrem,
1024 1746 1227 1788 habemus
1258 1748 1370 1801 apud
1400 1749 1496 1790 Sui-

18 1828 112 1868 dam
141 1840 174 1868 s.
201 1821 394 1881 Κράτης.

129 1906 488 1948 EUTHYCLES.
553 1907 617 1947 De
655 1907 737 1948 hoc
773 1890 835 1948 ita
874 1907 1048 1949 Suidas:
1095 1901 1352 1958 Εὐθυκλῆς.
1408 1903 1497 1947 τῶν

16 1980 253 2041 δραμάτων
295 1980 436 2026 αὐτοῦ
478 1983 601 2026 ἐστὶν
633 1981 838 2027 ”Ασωτοι
866 1980 896 2036 ἢ
934 1981 1211 2039 Ἐπιστολή,
1253 1980 1313 2036 ὥς
1354 1999 1496 2043 φησιν

0 2060 271 2114 ιῗΛθήναιος
313 2063 361 2104 ἐν
390 2064 481 2113 τοῖς
510 2064 932 2120 Δειπνοσοφισταῖς,
973 2069 1123 2120 quibus
1161 2070 1277 2109 addit
1306 2069 1496 2110 Eudocia

0 2159 57 2199 ·p.
89 2146 194 2186 167:
225 2140 320 2185 ἔστι
355 2142 402 2184 δὲ
431 2143 508 2184 καὶ
536 2136 666 2194 οὗτος
695 2145 773 2195 τῆς
800 2141 989 2200 ἀρχαίας
1016 2145 1262 2203 κωμῳδίας.
1323 2149 1497 2187 Praeter

0 2219 242 2272 ·’.Ασώτους
276 2217 306 2274 ἢ
338 2218 612 2274 Ἐπιστολὴν
650 2225 869 2266 Athenaeo
908 2227 970 2266 111
1017 2240 1060 2280 Ρ.
1101 2228 1225 2268 12412
1272 2227 1495 2278 laudatam,

0 2302 229 2344 ffel-ebatur
259 2305 349 2344 eius
382 2297 668 2355 Ἀταλάντη,
701 2306 851 2346 Suidas
890 2319 923 2347 s.
954 2319 992 2346 v.
1024 2304 1130 2357 βοῦς
1160 2304 1370 2360 ἕβδομος,
1411 2320 1493 2360 quo

0 2367 184 2426 homine
220 2384 345 2424 etiam
384 2385 557 2425 Calliam
588 2386 829 2438 Philyllium
860 2386 1102 2429 Strattidem
1133 2388 1281 2427 Alexin
1320 2391 1363 2428 et
1394 2388 1494 2428 Phi-

0 2462 219 2504 ·letaerum
248 2463 411 2503 fabulas
442 2466 660 2517 scripsisse
690 2470 863 2507 constat.
930 2466 1130 2507 Eiusdem
1159 2469 1378 2522 Euthyclis
1417 2482 1492 2509 no-

0 2553 113 2585 ·men
143 2543 412 2583 casaubonus
449 2545 501 2584 ad
531 2544 793 2585 Athenaeum
826 2545 887 2585 111
924 2558 966 2598 Ρ.
998 2547 1122 2587 1240
1159 2549 1283 2589 etiam
1330 2550 1491 2589 Polluci

0 2622 183 2662 [restitui
213 2622 344 2662 voluit
371 2623 442 2663 lib.
472 2623 531 2664 Vl
562 2623 642 2663 161
684 2622 759 2663 καὶ
790 2618 1008 2678 ἡμίκακον
1038 2623 1084 2665 δὲ
1105 2621 1342 2679 Εὐκλείδης
1365 2627 1490 2680 λέγει.

0 2701 141 2754 ·Atqui
155 2702 264 2743 idem
278 2701 475 2745 Euclides
493 2702 645 2746 iterum
673 2702 883 2747 aPolluce
899 2706 1092 2749 laudatur
1122 2708 1183 2750 111
1213 2709 1270 2751 82
1299 2703 1490 2751 σύνδου-
