1702 3190
678 149 867 178 sorotis.
1434 132 1514 172 111

34 259 76 298 in
107 254 286 296 Scholiis
315 251 604 304 Aristophanis
633 252 741 303 Equ.
769 250 868 290 528.
898 248 997 298 539,
1029 250 1080 289 ad
1123 261 1229 300 quaa
1262 247 1427 300 ablegat
1457 245 1517 285 le-

33 339 215 382 ctorem,
266 332 367 373 nihil
407 332 612 372 eiusmodi
648 328 846 382 reperias.
924 329 1103 367 Omnino
1153 328 1374 367 salsissima
1422 330 1518 365 sunt

34 427 140 467 quae
169 413 231 454 vir
268 411 623 465 ingeniosissimus
653 410 706 449 de
736 407 1013 460 Aristophane
1054 412 1096 446 et
1125 406 1335 458 Eupolide
1365 410 1518 455 narrat,

34 505 211 545 quorum
240 492 351 531 huuc
368 489 657 542 Aristophanis
689 489 902 527 doctorem
935 492 977 526 et
994 485 1252 538 magistrum,
1282 485 1349 524 cui
1379 485 1518 524 omnia

35 585 110 614 sua
148 572 310 619 debeat,
341 556 471 610 fuisse
499 568 708 607 fabulatur
737 580 778 618 p.
809 566 906 606 433.
937 567 1034 606 436.
1065 565 1163 605 438.
1222 566 1339 617 Quae
1370 576 1393 602 e
1423 564 1518 602 nte-

35 663 171 692 rarum
211 648 484 689 monumentis
522 645 636 685 effici
673 651 862 697 possunt,
894 659 944 685 eo
977 647 1178 694 redeunt,
1214 647 1281 692 ut,
1321 642 1391 694 qui
1427 654 1517 682 mos

35 729 118 770 fuit
155 729 405 768 comicorum
441 737 708 779 graecorum,
754 724 929 764 alterum
982 725 1154 765 alterius
1201 723 1390 764 versibus
1427 725 1518 761 tan-

33 820 155 861 quam
186 807 269 847 suis
299 819 419 846 usum
450 818 544 845 esse
573 808 818 845 statuamus.
875 804 1072 856 =Eupolin
1113 805 1156 844 in
1187 803 1346 844 Marica
1382 801 1516 840 imita-

33 892 123 928 tum
161 899 255 926 esse
295 887 490 937 Equites,
538 885 629 937 ipse
666 883 787 923 testis
827 888 891 922 est
927 884 1230 936 Aristophanes
1272 883 1380 922 Nub.
1418 881 1515 920 549.

35 956 188 1007 Contra
233 965 553 1017 Aristophanem
605 964 648 1003 in
692 962 912 1014 Equitibus
957 963 1177 1015 Eupolidis
1223 975 1350 1015 opera
1398 973 1517 1001 usum

15 1053 156 1094 esse,
193 1049 280 1084 tum
309 1044 378 1084 hic
407 1044 497 1096 ipse
526 1043 570 1083 in
600 1042 741 1094 Baptis
770 1042 935 1081 rettulit
963 1043 1072 1095 apud
1103 1043 1376 1083 Scholiastam
1408 1040 1515 1080 Nub.

34 1125 64 1166 l.
94 1125 122 1164 1.
161 1129 203 1163 et
231 1124 372 1174 Equit.
403 1123 535 1171 1288,
573 1124 662 1161 tum
700 1122 893 1162 Cratinus
929 1126 1106 1161 testatus
1145 1125 1208 1161 est
1245 1121 1355 1174 apud
1386 1120 1518 1161 Scho-

36 1204 196 1244 liastam
236 1202 288 1241 ad
327 1204 435 1255 Equ.
470 1201 569 1249 528,
614 1200 685 1240 ubi
720 1201 1043 1252 Aristophanem
1081 1201 1326 1252 perstringit
1364 1214 1423 1246 ως
1462 1195 1518 1237 τὰ

33 1279 282 1330 Εὐπόλιδος
311 1279 508 1332 λέγοντα.
578 1279 707 1319 Cuius
738 1279 801 1319 rei
842 1292 964 1332 quam
995 1292 1162 1320 causam
1194 1280 1519 1319 comminiscitur

0 1399 3 1412 ,
34 1363 390 1416 Kannegiesserus
419 1359 449 1400 l.
480 1372 516 1400 c.
546 1373 586 1412 p.
616 1359 716 1408 428,
748 1372 797 1399 ea
828 1360 941 1400 nulla
971 1364 1056 1409 est,
1088 1373 1181 1399 cum
1218 1360 1309 1412 ipse
1342 1360 1518 1412 Eupolis

0 1462 4 1483 ι
30 1443 184 1498 passim
214 1442 414 1483 Cleonem
443 1438 603 1489 riserit;
644 1451 780 1491 neque
818 1439 1008 1493 profecto
1046 1440 1080 1479 is
1113 1444 1201 1480 erat
1230 1440 1430 1492 Eupolis,
1471 1444 1519 1479 ut

0 1534 281 1576 :quemquam
324 1518 675 1559 extimescendum
724 1519 802 1558 sibi
839 1522 1018 1572 putaret.
1086 1521 1179 1571 Quo
1210 1521 1370 1560 accedit
1401 1516 1514 1572 quod

0 1626 5 1654 =,
34 1601 115 1655 ipsi
141 1602 204 1641 illi
232 1611 398 1648 versum
440 1610 543 1650 quos
572 1597 873 1654 Aristophanes
903 1599 1011 1650 Equ.
1044 1598 1156 1638 1288
1176 1612 1263 1650 sqq.
1295 1600 1345 1638 ab
1377 1601 1519 1651 Eupo-

0 1707 5 1734 Γ
37 1680 122 1721 lide
159 1679 385 1732 sumpsisse
426 1678 600 1726 dicitur,
637 1676 741 1716 nihil
779 1678 822 1718 in
861 1678 1060 1718 Cleonem
1103 1678 1258 1717 dictum
1295 1679 1523 1720 continent.

0 1758 168 1819 {Porro
194 1759 378 1812 Eupolin
415 1758 548 1810 tangit
577 1757 877 1809 Aristophanes
916 1756 1013 1797 Pac.
1044 1758 1141 1806 762,
1175 1758 1246 1797 ubi
1277 1758 1419 1799 Schol.
1450 1751 1521 1796 αι’-

0 1822 1 1830 ¹
31 1834 228 1881 ’νίττεται
267 1837 313 1878 δὲ
352 1831 418 1885 εἰς
451 1831 651 1876 Εὔπολιν
687 1835 764 1875 καὶ
803 1831 906 1883 τοὺς
940 1836 1040 1890 περὶ
1076 1831 1215 1876 αὐτον
1251 1831 1309 1884 ὡς
1342 1833 1520 1878 παίδων

38 1915 227 1974 ἐρῶντας
255 1918 331 1958 καὶ
359 1912 640 1971 παλαίστρας
668 1913 1033 1970 περιερχομένους,
1065 1917 1175 1969 quod
1205 1917 1341 1969 ipsum
1362 1917 1403 1957 in
1426 1919 1521 1959 Ari-

38 1999 284 2052 stophanem
325 1998 483 2037 iecerat
517 1997 694 2050 Eupolis
738 1997 781 2036 in
819 1996 1024 2049 Autolyco
1063 1997 1173 2050 apud
1211 1997 1352 2037 Schol.
1391 1998 1520 2050 Vesp.

41 2078 164 2127 102⁰,
201 2091 281 2130 qua
315 2078 358 2118 in
387 2076 529 2117 fabula
566 2078 691 2117 etiam
727 2076 832 2116 illud
870 2078 1083 2117 cavillatus
1118 2082 1227 2125 erat,
1264 2067 1334 2115 ὅτι
1362 2072 1413 2115 τὸ
1443 2075 1521 2126 τῆς

39 2150 229 2212 Εἰρήνης
265 2153 526 2196 κολοσσικὸν
563 2155 712 2210 ἐξῆρεν
750 2151 954 2209 ἄγαλμα,
1004 2157 1145 2197 Schol.
1185 2157 1348 2195 Platon.
1388 2157 1518 2196 Bekk.

41 2250 83 2290 p.
114 2237 213 2286 331,
251 2249 356 2288 quae
390 2236 443 2276 ad
473 2236 624 2276 Pacem
652 2236 942 2289 Aristophanis
978 2239 1168 2288 spectare
1207 2235 1311 2274 vidit
1340 2236 1519 2275 Dindor-

9 2317 137 2356 ⁴iius.
210 2315 400 2367 Denique
437 2316 490 2355 ad
527 2316 778 2356 simultatem
823 2317 931 2356 hanc
977 2315 1142 2366 utrique
1187 2314 1517 2356 intercedentem

44 2402 232 2448 spectare
269 2394 461 2433 videntur
495 2395 791 2446 elegantissimi
833 2408 978 2434 versus
1017 2395 1234 2446 Eupolidis
1272 2396 1382 2447 apud
1422 2397 1516 2437 Sto—

46 2474 195 2513 baeum
223 2473 357 2519 Serm.
391 2473 446 2514 1V
478 2487 519 2525 p.
551 2473 620 2522 53,
659 2475 702 2513 in
743 2476 892 2526 quibus
929 2475 1194 2525 conqueritur
1224 2479 1368 2526 poeta,
1407 2478 1518 2529 quod

5 2598 7 2605 A
48 2551 275 2604 peregrinis
304 2556 462 2591 tantum
492 2553 627 2604 poetis
657 2566 778 2593 aures
807 2555 1032 2606 praebeant
1060 2553 1361 2596 Athenienses:

6 2670 13 2694 Ι
102 2623 157 2678 ἢν
188 2629 232 2668 δέ
260 2643 324 2677 τις
353 2629 439 2670 τῶν
469 2627 633 2670 ἐνθάδ’
667 2627 807 2672 αὐτοῦ
834 2628 1023 2685 μηδὲνὸς
1045 2632 1192 2685 χεῖρον
1222 2632 1399 2687 ᾳρυνιῦν

104 2707 366 2759 ἐπιτιθῆται
393 2708 448 2767 τῇ
475 2707 660 2764 ποιήσει,
690 2707 809 2752 πάνυ
838 2710 959 2754 δοκεῖ
980 2709 1121 2759 κακῶς
1149 2713 1341 2766 φρονεῖν,
