1702 3190
1670 58 1702 82 -1225-

224 182 309 225 16ss
699 193 988 222 Aponononus
1026 194 1199 223 eunom.

227 285 459 340 σπουδάζω
485 291 624 332 laudat
637 292 876 345 Apollodori
892 292 1067 345 Carystii
1090 286 1530 347 ’Λποκαρτεροῢυτας.
1572 295 1669 335 Am...

227 371 352 423 bigne
388 381 528 422 margo
566 369 732 411 Stobaei
770 370 916 410 Floril.
945 370 1042 412 XIV
1071 370 1123 409 11
1161 363 1500 423 Ἀπολλοδώρου
1534 367 1668 408 Ἀπο-

222 442 453 500 καρτεριιῖν.
520 448 634 498 Quae
668 448 853 499 sequitur
891 447 999 499 apud
1028 447 1194 487 Suidam
1224 450 1265 487 et
1294 446 1518 487 Eudociam
1545 442 1675 492 Aean,

223 518 455 571 σοποιός
491 524 578 575 (sic
618 525 726 564 enim
765 537 788 563 e
827 524 947 564 codd.
987 524 1140 564 Pariss.
1178 525 1262 563 fide
1297 536 1373 575 pro
1400 518 1667 574 Δευσοποιοί,

223 603 335 656 quod
364 602 487 643 etiam
515 602 700 642 Eudocia
729 604 856 650 tenet,
887 601 1017 641 edidit
1047 602 1274 654 Kusterus)
1313 614 1336 641 a
1364 600 1526 640 nemine
1553 613 1671 652 prae-

221 683 337 721 terea
372 680 573 720 laudatur.
632 679 797 719 Titulus
833 678 998 720 fabulae
1036 680 1088 719 de
1125 680 1368 720 tinctore
1400 678 1671 729 interpretan-

222 758 301 801 dus
329 758 514 806 videtur,
541 769 646 808 quae
675 769 844 808 perrara
876 761 938 796 est
965 758 1088 798 huius
1117 756 1302 797 vocabuli
1330 758 1534 808 potestas,
1563 752 1671 806 quod

221 835 322 876 alias
351 838 421 874 aut
450 835 503 873 de
531 834 735 874 coloribus
763 828 968 885 gpqcto'votg
995 833 1071 874 καὶ
1099 827 1406 878 δυσεκπλύτοις
1434 836 1504 872 aut
1521 831 1670 871 deve-

219 913 424 954 stimentis
467 911 672 961 colorum,
710 912 856 963 quibus
883 912 1038 952 imbuta
1065 916 1181 961 sunt,
1218 910 1428 950 tenacibus
1466 909 1546 948 dici
1574 921 1671 949 con·

219 994 314 1031 stat.
379 991 469 1042 Quo
506 991 635 1043 magis
672 991 819 1030 mirum
856 993 918 1030 est
954 1003 979 1029 a
1007 989 1196 1030 Moeride
1225 989 1350 1029 Attic.
1383 1001 1424 1040 p.
1457 988 1538 1027 122
1567 987 1672 1027 haec

218 1068 343 1110 scribi
372 1068 576 1120 potuisse,
606 1066 864 1107 Λευσοποιοὶ
893 1062 1086 1113 ἀττικῶς.
1132 1065 1288 1120 βαφεῖς
1323 1061 1486 1112 κοινῶς.
1546 1064 1671 1105 Cuius
1700 1080 1702 1082 ·

217 1145 512 1187 usus.nu11um
550 1146 685 1186 adhuc
718 1147 761 1186 in
790 1146 913 1186 attico
957 1147 1157 1198 scriptore
1195 1143 1426 1196 exemplum
1471 1155 1516 1182 se
1551 1142 1671 1182 obtu-

215 1222 281 1264 lit.
353 1216 601 1276 Ἱέρειαν,
648 1236 769 1276 quam
815 1224 947 1264 Geloo
989 1225 1174 1263 tribuunt
1211 1222 1358 1262 Suidas
1398 1223 1440 1260 et
1486 1219 1670 1260 Eudocia

216 1301 406 1354 carystio
443 1301 639 1341 adscribit
672 1302 913 1342 Athenaeus
951 1302 1009 1343 VI
1049 1316 1088 1353 p.
1118 1301 1200 1340 243
1215 1302 1254 1341 d.
1319 1299 1371 1341 V.
1399 1298 1670 1339 Ruhnkenius

215 1379 271 1420 ad
311 1379 470 1419 Timaei
499 1378 598 1419 Lex.
627 1390 668 1430 p.
696 1380 765 1419 76.
822 1379 980 1420 Eadem
1017 1378 1069 1418 de
1107 1371 1672 1431 Γραμματειδιοποιῷ

222 1457 424 1497 dubitatio
454 1456 643 1504 obtinuit,
672 1469 792 1508 quam
821 1457 952 1496 Geloo
981 1458 1145 1508 praeter
1172 1455 1339 1494 Suidam
1369 1457 1410 1493 et
1431 1453 1670 1503 Eudociam,
1700 1462 1702 1512 ζ

216 1534 365 1588 quibus
403 1528 694 1587 Γραμματόδε
698 1544 819 1580 ιπνος
859 1534 1030 1583 dicitur,
1071 1533 1224 1572 diserte
1264 1532 1408 1572 tribuit
1436 1532 1583 1571 Pollux
1611 1530 1671 1573 IV

216 1612 296 1653 19·
323 1609 620 1665 γραμματεῖον
649 1608 694 1651 δὲ
724 1607 844 1665 παρὰ
872 1610 961 1658 τοῖς
983 1605 1206 1657 Ἀττικοῖς
1233 1608 1308 1651 καὶ
1327 1608 1374 1649 ἐν
1402 1598 1436 1645 ὦ
1466 1602 1671 1663 αργύριον

218 1684 441 1738 ἀπέκειτο,
477 1683 508 1728 ὁ
549 1688 625 1729 καὶ
664 1687 1007 1744 [γραμματεῖον]
1044 1683 1250 1740 κιβώτιον
1285 1682 1478 1728 ἐκάλουν.
1544 1685 1587 1726 οἱ
1622 1683 1702 1760 dds}

216 1762 415 1822 νεώτεροι
454 1764 563 1808 αὐτὸ
603 1766 679 1808 καὶ
715 1762 1047 1821 ἆργυριοθήκην
1089 1761 1325 1819 ώιόμαζον.
1386 1757 1702 1825 ’.Απολλοὸώ-ῥέζ

214 1858 297 1901 ρου
339 1844 386 1885 δὲ
433 1843 513 1884 τοῦ
552 1841 723 1885 Γελώου
767 1844 843 1884 καὶ
887 1839 1034 1899 δρᾶμά
1081 1842 1200 1884 ἐστιν
1250 1839 1274 1883 ὁ
1320 1827 1702 1897 Γραμματειδιο-ςξ

216 1918 354 1971 ποιός.
417 1925 479 1964 Ita
508 1925 630 1966 etiam
657 1924 697 1966 X
725 1925 821 1974 193,
858 1924 930 1965 ubi
959 1924 1029 1976 qui
1057 1923 1285 1963 afferuntur
1312 1934 1455 1963 versus
1482 1922 1541 1963 ita
1568 1891 1701 1977 scri-21}

216 2002 345 2043 bendi
379 2004 493 2043 sunt:
1669 1974 1701 2042 ἦ

437 2073 602 2131 uffa-,³5²3
628 2090 715 2119 των
743 2073 885 2129 λόγων
913 2075 959 2117 δὲ
988 2072 1110 2117 τουτί
1137 2089 1214 2129 μοι
1242 2073 1364 2115 δοκεῖ
1668 2066 1698 2135 ἐς

436 2151 731 2209 κυμινοδόκην
758 2151 812 2196 οὐ
840 2154 1135 2210 γραμματεῖον
1164 2152 1421 2208 περιᾳέρειν.
1545 2187 1547 2194 s
1668 2158 1699 2209 ,ξ

215 2233 360 2276 Tertio
395 2233 487 2276 loco
523 2235 604 2278 V11
643 2236 725 2275 190
762 2235 1002 2287 simpliciter
1041 2233 1285 2287 Apollodori
1323 2244 1471 2273 nomen
1507 2220 1697 2284 posuit&

211 2304 603 2364 Ἐκπωματοποιὸς
651 2310 696 2352 δὲ
743 2310 892 2367 δρᾶμα
933 2305 1163 2361 ,Αλέξιδος
1206 2309 1283 2350 καὶ
1318 2306 1696 2363 Γραμματειδιο-Ἳ,

213 2384 340 2436 ποιὸς
365 2384 722 2449 Ἀπολλοδώρου.
772 2391 1010 2432 Athenaeus
1039 2395 1176 2431 autem
1204 2389 1310 2430 hanc
1339 2389 1459 2429 etiam
1488 2386 1685 2438 fabulam&

215 2465 403 2518 Carystio
442 2469 657 2522 adscripsit
694 2469 773 2512 V11
807 2482 849 2520 p·
878 2469 960 2508 280
974 2468 1014 2518 d,
1055 2468 1126 2508 ubi
1168 2467 1276 2520 quod
1315 2465 1580 2507 Casaubonus
1615 2470 1691 2513 ens

213 2543 258 2584 in
285 2544 424 2585 fabula
451 2550 662 2586 recoctum
690 2547 869 2598 aliquem
897 2545 1166 2586 formularum
1204 2548 1274 2584 aut
1309 2544 1443 2583 litium
1470 2553 1670 2596 procuraf

214 2625 347 2662 torem
375 2623 636 2676 perstrictum
673 2623 802 2664 fuisse
840 2623 1061 2673 existimat,
1089 2634 1257 2663 assensu
1285 2633 1359 2662 suo
1390 2617 1675 2678 comprabavite

215 2698 560 2743 Hemsterhusius
590 2701 642 2743 ad
671 2699 829 2742 Polluc.
860 2700 898 2742 X
928 2701 1022 2742 193.
1085 2701 1147 2742 Ac
1183 2712 1283 2741 saue
1321 2694 1594 2753 γραμματεῖα
1618 2693 1659 2733 0⁸
