1702 3190
223 190 280 230 30
887 197 1061 226 uacuus.

223 301 286 342 111
317 312 356 352 p.
372 298 455 338 486
483 297 606 349 longe
636 310 659 336 a
690 308 787 336 vero
818 296 994 337 aberrat.
1051 298 1164 336 Inter
1186 297 1477 351 Epicharmum
1506 304 1549 339 et
1575 288 1674 339 cra-

222 379 353 417 tinum
382 375 540 416 medius
569 375 842 426 interponitur
871 375 921 414 ab
951 376 1163 427 Anonymo
1194 375 1245 414 de
1275 377 1388 415 Com.
1420 390 1460 428 p.
1480 376 1674 418 XXVIII.

150 483 153 487 -
222 455 368 505 Neque
408 457 610 505 repugnat
650 453 859 492 Aristoteli
905 453 1051 493 Suidas
1096 467 1133 492 v.
1180 447 1369 504 ΒΙάγνης
1409 454 1459 493 Τ.
1501 453 1554 502 ΙΙ,
1590 453 1674 492 478

221 525 443 580 ἐπιβάλλει
473 524 515 567 δ’
547 523 800 583 Ἐπιχάρμῳ
830 527 924 576 νέος
952 525 1184 584 πρεσβύτῃ.
1253 533 1401 571 Aetate
1436 534 1675 582 provectum

222 609 374 648 obiisse
405 609 642 659 Magnetem
670 607 913 659 intelligitur
942 621 990 647 ex
1021 609 1300 660 Aristophanis
1330 608 1466 659 Equit.
1497 607 1580 647 524
1604 604 1676 645 ἐπὶ

220 681 371 738 γήρως,
409 680 462 724 οὐ
499 680 580 737 γὰρ
617 678 682 736 ἐφ’
722 676 858 734 ἥβης,
899 681 1117 736 ἐξεβλήθη
1155 681 1397 739 πρεσβύτης
1432 679 1507 724 ὦν.
1572 685 1675 724 Acta

220 767 357 802 autem
387 763 490 802 haec
518 762 656 800 fabula
686 766 750 801 est
780 763 941 814 Olymp.
974 763 1237 811 LXXXVIII,
1266 762 1308 801 4.
1373 762 1456 801 Iam
1494 761 1529 800 si
1567 762 1675 800 eius-

221 840 315 880 dem
330 839 582 891 Olympiadis
612 852 717 878 anno
747 839 879 891 primo
910 844 1092 879 mortuus
1117 844 1180 879 est
1209 840 1511 891 sexagenarius,
1542 851 1675 890 neque

221 917 330 957 enim
361 916 412 954 de
445 929 590 967 magna
615 917 753 975 ‘aliqua
783 920 904 968 atque
940 917 1085 956 eximia
1121 918 1227 957 vitae
1262 918 1516 969 longitudine
1544 917 1674 968 loqui·

219 998 288 1033 tur
315 993 632 1050 Aristophanes,
670 997 785 1032 recte
816 1007 913 1033 sane
943 995 1030 1034 eius
1061 995 1333 1034 adolescentia
1369 995 1412 1034 in
1440 994 1677 1047 Epicharmi

218 1074 474 1111 senectutem
502 1070 694 1109 incidisse
724 1070 803 1108 dici
831 1071 988 1122 potuit,
1026 1071 1061 1109 si
1091 1071 1255 1121 quidem
1283 1071 1578 1123 Epicharmus,
1607 1069 1677 1122 qui

219 1148 327 1188 circa
357 1147 518 1198 Olymp.
549 1146 622 1185 LX
645 1150 762 1186 natus
793 1150 880 1196 est,
908 1160 1012 1187 anno
1044 1149 1186 1187 aetatis
1217 1149 1480 1200 nonagesimo
1510 1148 1601 1198 vel,
1629 1151 1677 1187 ut

219 1226 310 1266 aliis
346 1225 505 1276 placet,
545 1223 809 1274 nonagesimo
850 1225 1024 1276 septimo
1067 1238 1303 1277 supremum
1344 1226 1452 1266 diem
1482 1227 1594 1266 obiit.
1624 1226 1676 1267 V.

225 1303 539 1344 ClintoniFast.
571 1314 611 1352 p.
643 1301 693 1340 21
713 1302 782 1341 Kr.
842 1302 935 1341 Non
965 1303 1195 1343 dubitamus
1224 1304 1351 1355 igitur
1380 1306 1555 1342 aetatem
1583 1291 1676 1342 Ma·

219 1381 353 1433 gnetis
382 1381 438 1419 ita
468 1380 662 1428 definire,
700 1383 745 1417 ut
775 1379 881 1417 circa
911 1380 1072 1432 Olymp.
1102 1382 1253 1420 LXXX
1281 1381 1468 1421 floruisse
1505 1381 1675 1420 dicatur.

219 1457 305 1500 Sed
335 1458 388 1496 de
416 1457 586 1508 reliquis
617 1461 832 1507 antequam
863 1457 1057 1507 dicamus,
1088 1458 1139 1497 de
1168 1459 1297 1510 patria
1326 1459 1547 1498 admonere
1575 1458 1675 1496 lice-

219 1537 294 1576 bit.
364 1534 655 1576 Atheniensem
685 1534 726 1574 h.
759 1547 795 1573 e.
821 1535 921 1586 ipsis
949 1536 1119 1575 Athenis
1148 1540 1285 1575 natum
1315 1536 1412 1575 dicit
1440 1538 1677 1587 Anonymus

220 1614 274 1653 de
303 1614 419 1653 Com.
453 1625 494 1663 p.
524 1612 717 1653 XXVIII.
775 1613 922 1652 Suidas
951 1616 1108 1651 autem:
1148 1608 1346 1664 Μάγνης,
1373 1608 1567 1666 Ἰκαρίου
1596 1607 1676 1652 πό-

219 1688 347 1737 λεως,
379 1683 585 1735 Ἀττικὸς
614 1682 642 1737 ἢ
667 1683 932 1738 Ἀθηναῖος.
999 1689 1081 1729 Pro
1118 1684 1280 1736 πόλεως
1315 1690 1491 1730 debebat
1521 1686 1674 1743 δήμου,

219 1768 291 1821 qui
319 1766 471 1806 Suidae
501 1770 584 1815 est,
620 1779 701 1806 non
731 1768 887 1807 librarii
917 1779 1045 1807 error.
1112 1767 1335 1808 Praeterea
1365 1769 1525 1820 corrige
1551 1763 1675 1807 Ἰκα-

220 1840 339 1898 ρίου,
379 1838 541 1889 πόλεως
573 1837 802 1895 Ἀττικῆς,
837 1838 867 1893 ἢ
900 1839 1164 1893 Ἀθηναῖος.
1242 1846 1438 1886 Similiter
1475 1846 1586 1885 idem
1622 1846 1675 1886 de

219 1922 458 1974 Thespidet
510 1918 682 1970 Θέσπις,
715 1915 921 1976 Ἰκαρίου,
967 1918 1131 1970 πόλεως
1163 1913 1382 1972 Ἀττικῆς.
1451 1923 1512 1962 De
1539 1922 1674 1963 forma

217 1994 405 2051 Ἰκάριος
441 2012 517 2051 pro
555 2000 714 2052 vulgari
759 1994 932 2055 Ἰκαρία
967 2000 1120 2041 frustra
1162 2003 1347 2042 dubitant
1380 2001 1597 2041 Reinesius
1622 2005 1675 2040 ret

220 2078 499 2119 casaubonus.
585 2077 843 2130 Hesychius:
881 2059 1092 2132 Ἰκάριος,
1133 2061 1275 2131 δῆμοὲ
1307 2073 1562 2127 Ἀθήνησι,
1602 2077 1675 2117 ubi

215 2149 452 2203 Ἀθήνησι
481 2154 605 2193 simili
635 2156 757 2194 modo
789 2156 940 2196 dictum
970 2161 1045 2207 est,
1075 2160 1122 2196 ut
1146 2158 1352 2199 Homerus
1382 2156 1550 2197 Sunium
1577 2167 1674 2206 pro-

220 2232 469 2275 montorium
496 2225 631 2286 ἄκρον
654 2227 873 2281 Ἀθηνῶν
902 2234 1013 2275 dixit.
1072 2236 1157 2275 Iam
1185 2239 1298 2275 recte
1325 2235 1409 2288 legi
1423 2234 1537 2274 vides
1566 2232 1675 2285 apud

220 2310 479 2351 Athenaeum
503 2309 543 2348 II
571 2323 613 2362 p.
633 2310 689 2350 40
708 2311 733 2351 b
763 2308 809 2350 ἐν
834 2305 1008 2367 Ἰκαρίῳ
1039 2310 1116 2361 τῆς
1139 2309 1357 2362 Ἀττικῆς.
1409 2312 1502 2352 Cfr.
1532 2312 1675 2352 Meur-

220 2380 305 2428 sius
335 2387 387 2428 de
416 2387 586 2440 Populis
614 2389 699 2429 Att.
728 2402 761 2429 s.
787 2383 973 2444 Ἰκαρία.
1030 2392 1206 2431 Fabulas
1233 2392 1420 2431 docuisse
1435 2389 1673 2441 Magnetem

219 2447 367 2509 novem
396 2464 578 2517 duasque
604 2470 840 2519 reportasse
874 2469 1064 2508 victorias
1101 2469 1307 2508 affirmant
1334 2466 1479 2507 Suidae
1517 2470 1566 2505 et.
1586 2466 1673 2506 Eu-

220 2539 351 2591 docia,
380 2543 524 2595 quibus
555 2556 634 2597 quo
665 2545 796 2585 minus
824 2546 949 2586 fidem
977 2546 1197 2586 habeamus
1224 2532 1420 2597 prohibet
1431 2543 1671 2596 Aristopha-

220 2619 317 2679 nes,
357 2620 427 2672 qui
462 2621 570 2672 Equ.
599 2621 681 2661 521
720 2623 772 2663 de
807 2623 1003 2676 Magnete
1041 2623 1160 2663 dicit:
1202 2619 1382 2660 πλεῖστα
1415 2617 1557 2675 χορῶν
1583 2616 1671 2658 τῶν

219 2690 471 2737 ἀντιπάλων
498 2693 619 2748 νίκης
647 2695 800 2749 ἔστησε
827 2699 1028 2755 τροπαῖα.
1089 2700 1352 2742 Credendum
1379 2699 1504 2753 igitur
1530 2698 1670 2751 potius
