1702 3190
673 153 862 185 aaronis.
1290 156 1297 163 ’
1424 139 1508 182 187

285 254 536 312 φοροῦσιν
562 249 832 310 ἁρπάζουσιν
858 250 904 294 ἐκ
931 249 1010 301 τῆς
1039 245 1182 300 οἰκίας

317 333 370 378 τὸ
397 332 594 392 χρυσίον,
622 330 836 390 τᾶργύρια
865 330 1119 386 πορθεῖται,

42 414 241 467 bonisque
276 429 421 469 regem
458 429 580 457 suum
617 415 808 469 spoliant.
874 412 1048 452 Praeter
1077 410 1348 461 Protagoram
1387 378 1512 450 alios-

42 506 124 546 que
152 495 370 547 Sophistas
401 495 584 536 adfuisse
614 495 736 535 etiam
766 492 1130 544 Chaerephontem
1161 493 1203 528 et
1233 489 1512 528 Melambium

43 577 209 626 poetam
238 575 443 627 tragicum
467 574 687 629 gulositate
716 571 928 621 infamem,
974 571 1125 610 docent
1153 567 1386 608 Scholiasta
1416 567 1512 606 Pla-

45 653 155 695 tonis
184 654 314 693 Beltk.
342 666 384 704 p.
414 652 493 691 331
528 655 571 691 et
599 651 808 703 Aristoph.
838 651 937 692 Pac.
966 650 1066 690 803.
1099 649 1314 696 Orestem,
1343 650 1513 686 noctur-

42 743 142 770 num
169 734 460 783 grassatorem,
487 730 701 783 Aristoph.
733 730 923 780 Av.712,
954 733 997 769 et
1028 729 1269 781 Marpsiam‚
1295 726 1514 766 turbulen-

41 810 129 848 tum
159 808 454 865 demagogum‚
483 809 695 862 Aristoph.
725 810 907 850 Acharn.
935 808 1019 848 701
1052 821 1146 847 cum
1175 806 1366 856 scholiis,
1404 807 1515 846 inter

43 886 198 927 Calliae
238 888 474 928 adulatores
514 892 811 928 commemorat
840 888 1039 930 Aelianus
1070 887 1180 939 apud
1210 886 1381 926 Suidam
1410 899 1446 926 s.
1476 898 1516 927 v.

43 962 313 1017 βομβρῦσιν,
351 971 397 1007 ut
426 967 504 1007 hos
534 968 658 1006 etiam
694 967 738 1007 in
764 980 930 1009 scenam
960 967 1220 1008 introductos
1249 966 1381 1006 fuisse
1416 978 1517 1005 con-

32 1042 168 1086 iicias.
235 1046 398 1087 Nomen
434 1046 614 1096 fabulae,
643 1051 690 1087 ut
718 1045 801 1087 hoc
831 1048 1002 1096 addam,
1032 1050 1200 1099 praeter
1230 1045 1516 1099 Phrynichum

45 1122 142 1170 Ech
170 1137 212 1176 p.
242 1124 325 1164 139
364 1125 502 1178 attigit
530 1126 772 1166 Athenaeus
803 1126 862 1167 vl
899 1139 941 1178 p.
972 1127 1055 1166 23ss
1074 1140 1099 1166 e
1131 1121 1401 1173 nozccxagab
1432 1127 1521 1166 Eu-

42 1201 186 1254 polide
214 1203 348 1244 dictos
374 1217 468 1244 esse
497 1205 744 1254 admonens,
780 1218 883 1256 quos
919 1207 1104 1257 sequiori
1145 1210 1282 1245 aetate
1321 1199 1521 1259 παρασί-

42 1291 146 1327 τους
175 1282 485 1334 appellaverint,
516 1284 586 1334 qui
617 1297 698 1335 quo
727 1285 886 1334 habitu,
916 1290 1031 1324 certe
1060 1297 1142 1336 quo
1172 1284 1347 1324 vestium
1377 1284 1521 1324 colore

43 1360 90 1400 in
117 1373 283 1400 scenam
312 1362 556 1414 prodierint,
587 1363 711 1404 docet
739 1365 1161 1418 Schweighaeuserus
1191 1364 1245 1404 ad
1257 1363 1521 1403 Athenaeum

40 1439 130 1481 vol.
160 1440 222 1480 111
251 1455 294 1493 p.
324 1441 423 1481 391.

160 1519 348 1560 Celebris
376 1521 520 1560 itidem
550 1521 774 1574 multisque
803 1523 1072 1576 scriptoribus
1102 1525 1331 1563 memorata
1369 1525 1432 1562 est
1457 1521 1523 1562 fa-

47 1597 143 1642 bula
179 1596 387 1653 Mapmdg
422 1600 642 1654 inscripta,
693 1615 774 1654 quo
812 1603 1129 1655 Hyperbolum,
1174 1602 1523 1642 turbulentissimi

45 1675 254 1721 hominem
291 1678 468 1731 ingenii,
507 1680 557 1719 ab
586 1681 797 1733 Eupolide
835 1683 1110 1735 significatum
1151 1695 1245 1722 esse
1275 1682 1431 1722 diserte
1460 1685 1525 1721 te-

48 1759 208 1797 stantur
236 1758 537 1810 Aristophanes
573 1761 682 1800 Nub.
714 1761 799 1800 547
830 1775 891 1813 sq.
939 1762 1109 1813 Quintil.
1141 1761 1159 1800 1
1198 1759 1352 1803 1017.
1391 1760 1524 1800 Schm

47 1833 166 1877 liasta
212 1837 512 1889 Aristophanes
551 1839 658 1879 Ran.
698 1840 784 1880 577
827 1842 1000 1892 aliisque
1046 1841 1164 1880 locis.
1237 1840 1399 1881 Nomen
1439 1852 1522 1879 non

0 1928 223 1969 g-graecae
250 1917 326 1957 sed
356 1917 555 1958 barbarae
585 1918 756 1971 originis
786 1932 879 1959 esse
920 1921 1074 1959 indicat
1114 1919 1376 1971 Hesychius:
1414 1916 1523 1957 Ma-

0 2030 4 2037 .
39 1993 195 2050 -ρικᾶν,
233 1991 447 2036 κίναιδον.
506 1994 550 2036 ol
591 1995 637 2037 δὲ
668 1993 947 2054 ὑποκόρισμα
983 1995 1169 2039 παιδίου
1205 1993 1385 2052 ἄρρενος
1414 1996 1525 2051 βαρ-

0 2107 5 2121 ,
30 2071 248 2128 ιβαρικοῦ,
277 2088 358 2127 qno
386 2075 480 2115 loco
512 2076 582 2128 qui
611 2078 675 2118 usi
705 2082 800 2118 sunt
830 2079 882 2118 ad
902 2079 1190 2132 Aristophanis
1220 2078 1364 2119 Nubes
1393 2078 1526 2130 Berg-

0 2177 6 2197 ,-
46 2151 165 2197 λοι-113
195 2159 237 2194 et
266 2155 511 2204 Brunckius,
541 2170 624 2196 non
655 2156 847 2197 viderunt
874 2157 1100 2210 legendum
1131 2171 1223 2197 esse
1240 2151 1527 2210 βαρβαρὶκόν.

0 2243 6 2290 ρ
51 2233 118 2275 Ex
145 2233 306 2285 persica
341 2234 483 2286 lingua
513 2234 683 2274 deduxit
711 2238 948 2276 Bernardus
985 2237 1038 2276 ad
1067 2236 1350 2287 Hesychium‚
1386 2235 1528 2275 admo-

55 2323 162 2351 neus
198 2311 271 2351 ille
305 2312 427 2352 etiam
465 2314 704 2368 Etymologi
735 2316 796 2357 Μ.
836 2329 877 2368 p.
908 2315 989 2358 221
1022 2315 1091 2358 41.
1133 2311 1179 2352 Γ
1170 2308 1333 2366 αρίμας
1368 2310 1415 2353 ἐκ
1450 2309 1531 2354 τοῦ

58 2383 292 2444 Μαρίκας,
321 2383 350 2438 ἢ
378 2387 425 2429 ἐκ
448 2389 528 2432 τοῦ
557 2388 740 2445 γαρίκας
769 2393 844 2432 καὶ
873 2389 1079 2447 μαρίκας,
1136 2390 1367 2447 βάρβαρον
1397 2389 1444 2432 δὲ
1474 2389 1526 2432 τὸ

57 2460 204 2518 ὄνομα
238 2465 314 2508 καὶ
350 2463 378 2518 ἡ
408 2465 549 2520 κλίσις
585 2469 662 2509 καὶ
699 2466 726 2510 ὁ
760 2467 900 2519 τόνος.
964 2476 1079 2525 Quae
1117 2487 1198 2516 non
1236 2486 1319 2515 uno
1361 2473 1530 2514 nomine

0 2595 4 2610 ›.
61 2550 255 2599 corrupta
299 2551 408 2588 sunt.
485 2550 690 2602 Compara
739 2551 1018 2604 Hesychffim,
1077 2551 1121 2592 Γ
1114 2547 1384 2606 αριμάνταςε
1431 2546 1532 2600 τοὺς

0 2613 4 2692 l
55 2618 336 2683 βαρβάρους,
382 2628 493 2679 quod
527 2641 610 2669 non
649 2636 763 2671 recte
812 2632 851 2672 in
878 2629 1187 2685 Ἰὰράμαντας
1228 2631 1376 2675 mutari
1416 2636 1531 2682 puto.

0 2693 6 2739 ἶ
62 2702 173 2747 Hinc
203 2709 391 2762 apertum
423 2712 486 2749 eet
515 2710 624 2766 apud
644 2711 869 2756 Luciannm
885 2712 1055 2772 Lexiph.
1089 2713 1168 2754 vol.
1203 2711 1240 2754 11
1272 2722 1314 2766 p.
1343 2710 1428 2750 326
1456 2721 1533 2767 pro
