1702 3190
500 184 505 195 ,
546 144 784 190 cumminas.
845 157 1024 187 memes.
1475 146 1533 188 29

46 268 114 306 tur
143 267 244 315 treet,
262 256 426 318 ’Ήρως
456 261 581 316 (lege
602 253 821 316 ‘'preg),
856 254 1065 312 Πτωχοί,
1101 256 1275 314 Πέρσαι
1302 251 1333 308 ἢ
1358 252 1534 300 Ἀσσύ-

46 357 147 400 ριοι.
176 344 428 390 J’ostremae
457 342 617 383 nullum
647 342 839 394 superest
867 338 1164 391 fragmentum.
1199 337 1382 392 Πτωχοὶ
1409 351 1532 392 prae-

44 428 111 464 ter
139 424 262 463 allata
292 423 383 462 loca
413 421 633 462 laudantur
664 421 713 460 ab
743 418 960 459 Athenaeo
994 418 1053 457 111
1084 430 1125 470 p.
1154 417 1274 456 1192
1311 422 1354 457 et
1384 418 1532 458 Gram-

42 503 191 543 matico
222 502 450 542 Hermann.
481 516 522 554 p.
554 498 650 549 325,
682 490 862 552 υ[Ιρωιες
891 511 915 536 a
946 497 1119 536 Polluce
1148 497 1187 536 X
1217 496 1287 546 43,
1318 498 1531 539 Antiattic.

0 573 5 636 fl
42 595 85 634 p.
116 582 171 621 97
202 584 244 620 et
273 581 401 621 Suida
427 594 466 621 v.
497 573 642 631 ἄγνος.
710 578 856 618 Tacito
897 576 1064 616 fabulae
1104 575 1225 615 titulo
1256 577 1388 616 semel
1418 589 1532 616 com-

0 638 5 710 Ξ
43 664 298 700 memoratur
328 659 553 700 Chionides
584 670 607 697 a
636 651 825 698 Vitruvio
855 657 929 697 lib.
959 655 1017 697 VI
1047 654 1180 708 praef.
1210 655 1366 708 p.146.
1424 656 1533 697 Nam

0 719 5 804 ξ
43 738 95 778 de
125 738 383 778 Philemonis
414 736 640 776 Grammat.
671 736 763 776 loco
793 749 836 789 p.
867 736 923 775 30
953 734 1173 810 falluntu12K
1200 735 1235 774 si
1266 735 1364 787 quid
1394 735 1533 786 video,

1 806 4 880 ξ
43 821 86 857 et
125 818 315 858 Osannus
354 818 396 856 et
433 815 623 855 Sturzius
665 815 885 856 AnimadV.
931 814 984 854 ad
1024 814 1210 867 Etymol.
1249 815 1311 855 M.
1355 827 1399 868 p.
1430 816 1530 857 772.

1 903 3 939 ἶ
41 897 232 949 Denique
261 895 314 935 de
343 895 548 948 scriptura
576 894 755 934 nominis
785 894 1011 934 admonere
1033 893 1146 943 licet,
1175 893 1285 934 inter
1302 889 1533 945 Χιωνίδης

0 1030 1 1035 1
44 980 86 1015 et
118 969 334 1023 Χιονίδης
360 974 601 1014 fluctuante.
662 973 770 1013 Illud
787 975 937 1027 probat
968 975 1185 1022 Kusterus,
1217 971 1288 1025 qui
1317 972 1359 1014 in
1375 973 1533 1016 Suidae

0 1062 1 1067 ’
42 1031 140 1095 100οῆ
174 1068 198 1095 e
236 1053 328 1094 cod.
357 1053 488 1092 Paris.
521 1048 748 1103 Χιωνίδης
789 1052 920 1093 edidit
959 1066 1036 1105 pro
1072 1047 1301 1101 Χιονίδης.
1374 1053 1532 1096 Contra

45 1128 260 1182 Χιονίδης
286 1132 442 1183 ubique
470 1129 760 1183 reponendum
790 1131 990 1182 putabant
1004 1131 1180 1172 Vossius
1211 1133 1264 1171 de
1294 1131 1437 1172 Poetis
1465 1145 1531 1186 gr.

41 1226 83 1267 p.
108 1212 164 1252 25
203 1215 246 1251 et
276 1211 452 1251 Casaub.
489 1211 541 1250 ad
571 1209 726 1250 Athen.
756 1208 774 1247 1
813 1222 855 1261 p.
887 1210 969 1248 119
988 1222 1024 1259 e,
1063 1211 1136 1251 ubi
1175 1211 1287 1263 quod
1316 1211 1531 1266 Schweig-

40 1293 269 1333 haeuserus
301 1289 444 1329 scribit
468 1288 674 1330 Athenaei
701 1287 779 1327 MS
810 1289 847 1328 A
898 1293 1136 1329 constanter
1165 1290 1320 1330 offerre
1350 1291 1531 1333 formam

43 1366 293 1419 Χιωνίδης,
332 1373 537 1422 repugnat
573 1369 624 1407 iis
657 1379 763 1419 quae
794 1367 895 1407 dixit
933 1368 1015 1407 vol.
1045 1369 1126 1409 vll
1162 1381 1205 1422 p.
1230 1370 1330 1420 487,
1367 1371 1439 1410 ubi
1477 1384 1530 1414 ex

41 1452 191 1492 eodem
219 1451 324 1490 libro
355 1447 538 1488 enotavit
572 1442 800 1495 Χιονίδης.
869 1448 1106 1500 Utrumque
1143 1448 1270 1488 habet
1300 1462 1382 1502 quo
1413 1463 1529 1493 com-

40 1530 274 1571 mendetur.
342 1528 532 1570 Alterum
566 1521 792 1574 Χιωνίδης
829 1530 893 1566 est
922 1541 946 1567 a
975 1529 1143 1568 nomine
1170 1523 1300 1569 Χίων
1333 1524 1526 1581 Χίωνος,

42 1610 217 1650 alterum
245 1621 269 1648 a
292 1602 448 1654 Χίονις
468 1598 678 1651 Χιόνιδος
707 1603 766 1656 (v.
788 1605 839 1646 T.
854 1606 909 1646 H.
935 1608 987 1646 ad
1009 1607 1169 1648 Polluc.
1185 1609 1268 1650 vol.
1287 1609 1327 1649 11
1355 1623 1397 1663 p.
1413 1610 1528 1651 1193

44 1691 88 1728 et
115 1687 306 1739 Thucyd.
335 1687 388 1735 V,
419 1686 503 1737 19)
541 1684 609 1724 vel
639 1697 662 1724 a
695 1679 862 1734 Χιόνη,
903 1689 952 1725 ut
982 1687 1155 1728 Ovidius
1183 1689 1266 1741 Ep.
1295 1688 1419 1730 Pont.
1448 1689 1527 1740 111,

43 1767 85 1816 3,
114 1766 184 1805 42.
249 1763 528 1816 Eumolpum,
568 1764 749 1804 Chiones
787 1763 940 1814 filium,
980 1765 1229 1807 Chionidem
1266 1767 1381 1809 dixit.
1439 1766 1528 1811 Sed

44 1846 242 1887 meliores
270 1843 366 1883 libri
396 1845 540 1883 tenent
567 1841 660 1882 fere
692 1838 931 1892 Χιωνίδης.

128 1925 234 1965 Cum
252 1922 456 1963 Chionide
469 1921 714 1963 Aristoteles
732 1923 790 1963 ita
809 1924 1020 1964 coniunxit
1035 1924 1383 1979 MAGNETEM,
1411 1931 1461 1969 ut
1487 1928 1525 1972 is

43 2004 192 2045 eodem
219 2001 355 2042 ferme
385 2015 467 2054 quo
503 2001 577 2041 ille
612 2003 802 2055 tempore
839 2003 988 2046 vixisse
1017 2005 1208 2046 videatur
1242 2009 1328 2060 ¹⁶).
1397 2008 1525 2050 Susa-

41 2084 151 2126 rioni
179 2086 222 2124 et
236 2081 370 2136 Myllo
401 2072 472 2134 qui
500 2081 716 2135 aequalem
744 2081 887 2125 facere
915 2083 1080 2125 videtur
1094 2085 1319 2129 Diomedes
1339 2087 1525 2133 Gramm.

156 2273 315 2312 «esset.
383 2272 489 2313 Eam
526 2273 638 2314 enim
666 2272 850 2313 fabulam
887 2286 970 2314 non
1009 2275 1059 2315 ab
1088 2275 1179 2328 ipso
1210 2274 1417 2318 Chionide
1446 2277 1525 2321 sed

157 2327 242 2367 «ab
273 2328 351 2368 alio
383 2330 657 2382 conscriptam
686 2330 817 2371 fuisse
845 2333 1023 2383 repetita
1052 2332 1143 2372 vice
1173 2336 1350 2373 testatur
1366 2334 1523 2378 Athen.

159 2383 292 2425 «le
321 2397 362 2436 p.
393 2387 507 2425 638a
538 2391 579 2425 et
609 2388 667 2428 IV
696 2401 737 2439 p.
770 2387 853 2427 137
868 2399 942 2428 e.»
1009 2389 1093 2429 Sed
1129 2388 1227 2428 talia
1256 2392 1410 2442 passim
1442 2394 1523 2434 sibi

157 2437 288 2479 licere
316 2442 476 2493 putavit
504 2443 566 2482 vir
597 2443 870 2484 doctissimus.
930 2446 1125 2486 Ceterum
1157 2446 1405 2489 Chionidem
1433 2450 1522 2503 pri-

158 2507 271 2535 mum
308 2497 439 2538 fuisse
473 2503 641 2551 poetam
682 2501 882 2541 comicum
921 2501 1003 2542 hoc
1038 2503 1205 2544 nomine
1236 2503 1427 2558 dignum,
1465 2520 1521 2549 ne

155 2552 245 2604 ipse
275 2554 442 2605 quidem
472 2557 633 2609 negavi.
936 2588 943 2594 .

79 2609 149 2662 ¹⁶)
181 2608 401 2662 Grysarius
429 2612 517 2661 nl.
546 2626 588 2665 p.
621 2613 704 2653 153
742 2614 811 2666 qui
841 2615 1009 2656 Suidam
1039 2618 1239 2669 sequutus
1269 2617 1521 2661 Chionidem

156 2668 274 2718 ponit
319 2669 484 2722 Olymp.
528 2670 699 2719 LXXII,
729 2671 780 2721 4,
839 2672 1080 2726 Magnetem
1128 2675 1307 2726 assignat
1348 2676 1517 2729 Olymp.

155 2723 352 2776 LXXVI,
386 2738 493 2780 quae
520 2727 627 2769 ratio
655 2728 894 2772 Aristotelis
923 2731 1018 2773 loco
1047 2730 1269 2773 manifesto
1297 2735 1518 2786 repugnat.
