<?xml version="1.0" encoding="UTF-8"?>
<!DOCTYPE html PUBLIC "-//W3C//DTD XHTML 1.0 Transitional//EN"
    "http://www.w3.org/TR/xhtml1/DTD/xhtml1-transitional.dtd">
<html xmlns="http://www.w3.org/1999/xhtml" xml:lang="en" lang="en">
 <head>
  <title>
</title>
<meta http-equiv="Content-Type" content="text/html;charset=utf-8" />
  <meta name='ocr-system' content='tesseract 3.04.00' />
  <meta name='ocr-capabilities' content='ocr_page ocr_carea ocr_par ocr_line ocrx_word'/>
</head>
<body>
  <div class='ocr_page' id='page_1' title='image "./fragmentacomicor01meinuoft_0144.png"; bbox 0 0 1702 3190; ppageno 0'>
   <div class='ocr_carea' id='block_1_1' title="bbox 216 197 1036 236">
    <p class='ocr_par' dir='ltr' id='par_1_1' title="bbox 216 197 1036 236">
     <span class='ocr_line' id='line_1_1' title="bbox 216 197 1036 236; baseline -0.009 0"><span class='ocrx_word' id='word_1_1' title='bbox 216 197 297 236; x_wconf 89' lang='grc'>122</span> <span class='ocrx_word' id='word_1_2' title='bbox 849 203 1036 231; x_wconf 72' lang='lat' dir='ltr'>amous.</span> 
     </span>
    </p>
   </div>
   <div class='ocr_carea' id='block_1_2' title="bbox 212 301 1699 2738">
    <p class='ocr_par' dir='ltr' id='par_1_2' title="bbox 212 301 1692 2586">
     <span class='ocr_line' id='line_1_2' title="bbox 214 301 1650 345; baseline -0.005 0"><span class='ocrx_word' id='word_1_3' title='bbox 214 319 263 345; x_wconf 88' lang='lat' dir='ltr'>an</span> <span class='ocrx_word' id='word_1_4' title='bbox 295 315 375 343; x_wconf 87' lang='lat' dir='ltr'>non</span> <span class='ocrx_word' id='word_1_5' title='bbox 401 306 516 342; x_wconf 87' lang='lat' dir='ltr'>recte</span> <span class='ocrx_word' id='word_1_6' title='bbox 546 302 813 342; x_wconf 87' lang='lat' dir='ltr'>Buttmannus</span> <span class='ocrx_word' id='word_1_7' title='bbox 853 314 877 341; x_wconf 89' lang='lat' dir='ltr'>e</span> <span class='ocrx_word' id='word_1_8' title='bbox 906 301 1156 342; x_wconf 83' lang='lat' dir='ltr'>Scholiastae</span> <span class='ocrx_word' id='word_1_9' title='bbox 1195 314 1335 340; x_wconf 85' lang='lat' dir='ltr'>errore</span> <span class='ocrx_word' id='word_1_10' title='bbox 1373 301 1536 340; x_wconf 87' lang='lat' dir='ltr'>fluxisse</span> <span class='ocrx_word' id='word_1_11' title='bbox 1571 302 1650 339; x_wconf 71' lang='lat' dir='ltr'>sta-</span> 
     </span>
     <span class='ocr_line' id='line_1_3' title="bbox 213 378 1652 431; baseline -0.002 -13"><span class='ocrx_word' id='word_1_12' title='bbox 213 386 312 419; x_wconf 88' lang='lat' dir='ltr'>tuat.</span> <span class='ocrx_word' id='word_1_13' title='bbox 373 380 455 418; x_wconf 89' lang='lat' dir='ltr'>lam</span> <span class='ocrx_word' id='word_1_14' title='bbox 485 392 580 418; x_wconf 87' lang='lat' dir='ltr'>vero</span> <span class='ocrx_word' id='word_1_15' title='bbox 610 380 651 418; x_wconf 89' lang='lat' dir='ltr'>in</span> <span class='ocrx_word' id='word_1_16' title='bbox 682 379 918 431; x_wconf 84' lang='lat' dir='ltr'>explicando</span> <span class='ocrx_word' id='word_1_17' title='bbox 940 380 1156 429; x_wconf 88' lang='lat' dir='ltr'>Baptarum</span> <span class='ocrx_word' id='word_1_18' title='bbox 1186 380 1347 418; x_wconf 87' lang='lat' dir='ltr'>nomine</span> <span class='ocrx_word' id='word_1_19' title='bbox 1377 380 1484 417; x_wconf 88' lang='lat' dir='ltr'>viros</span> <span class='ocrx_word' id='word_1_20' title='bbox 1512 378 1652 416; x_wconf 84' lang='lat' dir='ltr'>doctos</span> 
     </span>
     <span class='ocr_line' id='line_1_4' title="bbox 214 455 1651 507; baseline -0.003 -11"><span class='ocrx_word' id='word_1_21' title='bbox 214 460 254 496; x_wconf 89' lang='lat' dir='ltr'>in</span> <span class='ocrx_word' id='word_1_22' title='bbox 286 458 465 495; x_wconf 85' lang='lat' dir='ltr'>diversas</span> <span class='ocrx_word' id='word_1_23' title='bbox 494 460 630 507; x_wconf 87' lang='lat' dir='ltr'>partes</span> <span class='ocrx_word' id='word_1_24' title='bbox 669 457 779 494; x_wconf 77' lang='lat' dir='ltr'>abire</span> <span class='ocrx_word' id='word_1_25' title='bbox 817 456 968 494; x_wconf 88' lang='lat' dir='ltr'>videas.</span> <span class='ocrx_word' id='word_1_26' title='bbox 1036 457 1094 495; x_wconf 89' lang='lat' dir='ltr'>Ac</span> <span class='ocrx_word' id='word_1_27' title='bbox 1125 456 1216 495; x_wconf 87' lang='lat' dir='ltr'><strong>Tib.</strong></span> <span class='ocrx_word' id='word_1_28' title='bbox 1247 456 1407 506; x_wconf 84' lang='lat' dir='ltr'>quidem</span> <span class='ocrx_word' id='word_1_29' title='bbox 1439 455 1651 493; x_wconf 87' lang='lat' dir='ltr'>Hemster-</span> 
     </span>
     <span class='ocr_line' id='line_1_5' title="bbox 212 527 1652 584; baseline -0.004 -11"><span class='ocrx_word' id='word_1_30' title='bbox 212 535 354 574; x_wconf 75' lang='lat' dir='ltr'>husius</span> <span class='ocrx_word' id='word_1_31' title='bbox 384 533 434 572; x_wconf 88' lang='lat' dir='ltr'>ad</span> <span class='ocrx_word' id='word_1_32' title='bbox 463 533 670 584; x_wconf 82' lang='lat' dir='ltr'>Aristoph.</span> <span class='ocrx_word' id='word_1_33' title='bbox 703 534 813 572; x_wconf 87' lang='lat' dir='ltr'>Plut.</span> <span class='ocrx_word' id='word_1_34' title='bbox 843 533 926 572; x_wconf 79' lang='lat'>884</span> <span class='ocrx_word' id='word_1_35' title='bbox 967 527 1153 578; x_wconf 81' lang='grc' dir='ltr'><em>Βάπτας</em></span> <span class='ocrx_word' id='word_1_36' title='bbox 1182 533 1233 571; x_wconf 90' lang='lat' dir='ltr'>de</span> <span class='ocrx_word' id='word_1_37' title='bbox 1261 533 1499 571; x_wconf 84' lang='lat' dir='ltr'>tinctoribus</span> <span class='ocrx_word' id='word_1_38' title='bbox 1528 531 1652 569; x_wconf 89' lang='lat' dir='ltr'>inter-</span> 
     </span>
     <span class='ocr_line' id='line_1_6' title="bbox 214 609 1654 663; baseline -0.003 -14"><span class='ocrx_word' id='word_1_39' title='bbox 214 616 397 663; x_wconf 88' lang='lat' dir='ltr'>pretatus</span> <span class='ocrx_word' id='word_1_40' title='bbox 428 614 513 658; x_wconf 90' lang='lat' dir='ltr'>est,</span> <span class='ocrx_word' id='word_1_41' title='bbox 550 610 682 661; x_wconf 87' lang='lat' dir='ltr'>quod,</span> <span class='ocrx_word' id='word_1_42' title='bbox 713 611 746 648; x_wconf 82' lang='lat' dir='ltr'>si</span> <span class='ocrx_word' id='word_1_43' title='bbox 777 614 939 661; x_wconf 85' lang='lat' dir='ltr'>etymon</span> <span class='ocrx_word' id='word_1_44' title='bbox 969 610 1154 649; x_wconf 87' lang='lat' dir='ltr'>vocabuli</span> <span class='ocrx_word' id='word_1_45' title='bbox 1183 612 1364 660; x_wconf 84' lang='lat' dir='ltr'>spectes,</span> <span class='ocrx_word' id='word_1_46' title='bbox 1400 621 1481 647; x_wconf 88' lang='lat' dir='ltr'>non</span> <span class='ocrx_word' id='word_1_47' title='bbox 1520 609 1654 658; x_wconf 89' lang='lat' dir='ltr'>potest</span> 
     </span>
     <span class='ocr_line' id='line_1_7' title="bbox 213 675 1653 736; baseline -0.003 -9"><span class='ocrx_word' id='word_1_48' title='bbox 213 675 292 728; x_wconf 85' lang='lat' dir='ltr'>non</span> <span class='ocrx_word' id='word_1_49' title='bbox 321 689 548 727; x_wconf 80' lang='lat' dir='ltr'>rectissime</span> <span class='ocrx_word' id='word_1_50' title='bbox 577 687 730 726; x_wconf 90' lang='lat' dir='ltr'>factum</span> <span class='ocrx_word' id='word_1_51' title='bbox 760 686 902 726; x_wconf 88' lang='lat' dir='ltr'>videri.</span> <span class='ocrx_word' id='word_1_52' title='bbox 933 687 1226 726; x_wconf 82' lang='lat' dir='ltr'>Grammaticus</span> <span class='ocrx_word' id='word_1_53' title='bbox 1256 685 1364 736; x_wconf 89' lang='lat' dir='ltr'>apud</span> <span class='ocrx_word' id='word_1_54' title='bbox 1393 683 1653 724; x_wconf 85' lang='lat' dir='ltr'>Eustathium</span> 
     </span>
     <span class='ocr_line' id='line_1_8' title="bbox 213 753 1654 816; baseline -0.005 -12"><span class='ocrx_word' id='word_1_55' title='bbox 213 766 264 804; x_wconf 87' lang='lat' dir='ltr'>ad</span> <span class='ocrx_word' id='word_1_56' title='bbox 294 765 409 805; x_wconf 85' lang='lat' dir='ltr'>Iliad.</span> <span class='ocrx_word' id='word_1_57' title='bbox 440 759 476 802; x_wconf 80' lang='grc' dir='ltr'>δ’</span> <span class='ocrx_word' id='word_1_58' title='bbox 506 765 589 804; x_wconf 78' lang='grc'>412</span> <span class='ocrx_word' id='word_1_59' title='bbox 615 756 759 816; x_wconf 70' lang='grc' dir='ltr'><em>ὥσπερ</em></span> <span class='ocrx_word' id='word_1_60' title='bbox 791 757 942 813; x_wconf 78' lang='grc' dir='ltr'><em>βάπτω</em></span> <span class='ocrx_word' id='word_1_61' title='bbox 972 759 1164 814; x_wconf 80' lang='grc' dir='ltr'><em>βαπτίζω</em></span> <span class='ocrx_word' id='word_1_62' title='bbox 1193 757 1372 813; x_wconf 76' lang='grc' dir='ltr'><em>βάπτης,</em></span> <span class='ocrx_word' id='word_1_63' title='bbox 1403 753 1537 807; x_wconf 74' lang='grc' dir='ltr'><em>οὕτως</em></span> <span class='ocrx_word' id='word_1_64' title='bbox 1566 757 1654 798; x_wconf 81' lang='grc' dir='ltr'><em>τέτ-</em></span> 
     </span>
     <span class='ocr_line' id='line_1_9' title="bbox 213 833 1654 893; baseline -0.003 -13"><span class='ocrx_word' id='word_1_65' title='bbox 213 853 272 880; x_wconf 86' lang='grc' dir='ltr'>τω</span> <span class='ocrx_word' id='word_1_66' title='bbox 301 836 469 888; x_wconf 74' lang='grc' dir='ltr'><em>τεττίζω</em></span> <span class='ocrx_word' id='word_1_67' title='bbox 498 839 646 890; x_wconf 79' lang='grc' dir='ltr'><em>τέττης</em></span> <span class='ocrx_word' id='word_1_68' title='bbox 717 841 894 893; x_wconf 84' lang='lat' dir='ltr'>Cyrillus</span> <span class='ocrx_word' id='word_1_69' title='bbox 925 840 1060 880; x_wconf 81' lang='lat' dir='ltr'>Gloss.</span> <span class='ocrx_word' id='word_1_70' title='bbox 1088 853 1128 892; x_wconf 89' lang='lat' dir='ltr'>p.</span> <span class='ocrx_word' id='word_1_71' title='bbox 1143 840 1198 879; x_wconf 76' lang='lat'>44</span> <span class='ocrx_word' id='word_1_72' title='bbox 1226 833 1407 885; x_wconf 83' lang='grc' dir='ltr'><em>,Βάπτης</em></span> <span class='ocrx_word' id='word_1_73' title='bbox 1435 839 1654 878; x_wconf 88' lang='lat' dir='ltr'>tinctor.</span> 
     </span>
     <span class='ocr_line' id='line_1_10' title="bbox 213 913 1654 970; baseline -0.004 -13"><span class='ocrx_word' id='word_1_74' title='bbox 213 919 572 958; x_wconf 87' lang='lat' dir='ltr'>Hemsterhusium</span> <span class='ocrx_word' id='word_1_75' title='bbox 602 930 734 970; x_wconf 84' lang='lat' dir='ltr'><strong>nuper</strong></span> <span class='ocrx_word' id='word_1_76' title='bbox 752 918 1003 958; x_wconf 86' lang='lat' dir='ltr'>Fritzschius</span> <span class='ocrx_word' id='word_1_77' title='bbox 1041 919 1205 969; x_wconf 78' lang='lat' dir='ltr'>Quaest.</span> <span class='ocrx_word' id='word_1_78' title='bbox 1235 915 1441 967; x_wconf 83' lang='lat' dir='ltr'>Aristoph.</span> <span class='ocrx_word' id='word_1_79' title='bbox 1466 916 1484 955; x_wconf 89' lang='grc' dir='ltr'>Ι</span> <span class='ocrx_word' id='word_1_80' title='bbox 1514 927 1554 966; x_wconf 87' lang='lat' dir='ltr'>p.</span> <span class='ocrx_word' id='word_1_81' title='bbox 1572 913 1654 952; x_wconf 87' lang='grc'>202</span> 
     </span>
     <span class='ocr_line' id='line_1_11' title="bbox 212 988 1656 1047; baseline -0.006 -11"><span class='ocrx_word' id='word_1_82' title='bbox 212 997 269 1035; x_wconf 80' lang='lat' dir='ltr'>ita</span> <span class='ocrx_word' id='word_1_83' title='bbox 299 999 495 1047; x_wconf 87' lang='lat' dir='ltr'>sequutus</span> <span class='ocrx_word' id='word_1_84' title='bbox 525 998 608 1043; x_wconf 88' lang='lat' dir='ltr'>est,</span> <span class='ocrx_word' id='word_1_85' title='bbox 648 1000 695 1034; x_wconf 86' lang='lat' dir='ltr'>ut</span> <span class='ocrx_word' id='word_1_86' title='bbox 724 995 863 1033; x_wconf 86' lang='lat' dir='ltr'>drama</span> <span class='ocrx_word' id='word_1_87' title='bbox 890 995 1104 1046; x_wconf 84' lang='lat' dir='ltr'>Eupolidis</span> <span class='ocrx_word' id='word_1_88' title='bbox 1133 988 1318 1039; x_wconf 79' lang='grc' dir='ltr'><strong><em>Βάπτας</em></strong></span> <span class='ocrx_word' id='word_1_89' title='bbox 1345 995 1564 1044; x_wconf 87' lang='lat' dir='ltr'>propterea</span> <span class='ocrx_word' id='word_1_90' title='bbox 1600 990 1656 1028; x_wconf 87' lang='lat' dir='ltr'>ita</span> 
     </span>
     <span class='ocr_line' id='line_1_12' title="bbox 213 1066 1656 1125; baseline -0.006 -11"><span class='ocrx_word' id='word_1_91' title='bbox 213 1074 461 1125; x_wconf 71' lang='lat' dir='ltr'>appellatum</span> <span class='ocrx_word' id='word_1_92' title='bbox 492 1084 583 1111; x_wconf 89' lang='lat' dir='ltr'>esse</span> <span class='ocrx_word' id='word_1_93' title='bbox 622 1075 834 1119; x_wconf 82' lang='lat' dir='ltr'>censeret,</span> <span class='ocrx_word' id='word_1_94' title='bbox 873 1073 979 1122; x_wconf 88' lang='lat' dir='ltr'>quod</span> <span class='ocrx_word' id='word_1_95' title='bbox 1016 1071 1083 1110; x_wconf 89' lang='lat' dir='ltr'>isti</span> <span class='ocrx_word' id='word_1_96' title='bbox 1113 1071 1299 1122; x_wconf 83' lang='lat' dir='ltr'>Cotyttus</span> <span class='ocrx_word' id='word_1_97' title='bbox 1329 1071 1506 1109; x_wconf 85' lang='lat' dir='ltr'>cultores</span> <span class='ocrx_word' id='word_1_98' title='bbox 1534 1066 1656 1106; x_wconf 82' lang='lat' dir='ltr'>huius</span> 
     </span>
     <span class='ocr_line' id='line_1_13' title="bbox 215 1145 1655 1199; baseline -0.004 -11"><span class='ocrx_word' id='word_1_99' title='bbox 215 1151 315 1190; x_wconf 83' lang='lat' dir='ltr'>deae</span> <span class='ocrx_word' id='word_1_100' title='bbox 343 1150 530 1188; x_wconf 79' lang='lat' dir='ltr'>fortassis</span> <span class='ocrx_word' id='word_1_101' title='bbox 560 1149 682 1188; x_wconf 86' lang='lat' dir='ltr'>etiam</span> <span class='ocrx_word' id='word_1_102' title='bbox 711 1159 803 1187; x_wconf 87' lang='lat' dir='ltr'>suas</span> <span class='ocrx_word' id='word_1_103' title='bbox 832 1147 1015 1199; x_wconf 86' lang='lat' dir='ltr'>ipsorum</span> <span class='ocrx_word' id='word_1_104' title='bbox 1044 1150 1178 1187; x_wconf 88' lang='lat' dir='ltr'>vestes</span> <span class='ocrx_word' id='word_1_105' title='bbox 1207 1147 1248 1186; x_wconf 89' lang='lat' dir='ltr'>in</span> <span class='ocrx_word' id='word_1_106' title='bbox 1278 1147 1488 1186; x_wconf 76' lang='lat' dir='ltr'>orchestra</span> <span class='ocrx_word' id='word_1_107' title='bbox 1524 1145 1655 1195; x_wconf 82' lang='lat' dir='ltr'>tinge-</span> 
     </span>
     <span class='ocr_line' id='line_1_14' title="bbox 214 1224 1657 1277; baseline -0.006 -11"><span class='ocrx_word' id='word_1_108' title='bbox 214 1232 318 1266; x_wconf 84' lang='lat' dir='ltr'>rent.</span> <span class='ocrx_word' id='word_1_109' title='bbox 383 1226 510 1266; x_wconf 82' lang='lat' dir='ltr'>Cuius</span> <span class='ocrx_word' id='word_1_110' title='bbox 539 1225 741 1277; x_wconf 85' lang='lat' dir='ltr'>permirae</span> <span class='ocrx_word' id='word_1_111' title='bbox 776 1237 873 1264; x_wconf 83' lang='lat' dir='ltr'>sane</span> <span class='ocrx_word' id='word_1_112' title='bbox 903 1225 1103 1276; x_wconf 86' lang='lat' dir='ltr'>opinionis</span> <span class='ocrx_word' id='word_1_113' title='bbox 1133 1224 1322 1263; x_wconf 86' lang='lat' dir='ltr'>eximium</span> <span class='ocrx_word' id='word_1_114' title='bbox 1360 1225 1657 1263; x_wconf 86' lang='lat' dir='ltr'>firmamentum</span> 
     </span>
     <span class='ocr_line' id='line_1_15' title="bbox 213 1298 1657 1355; baseline -0.005 -12"><span class='ocrx_word' id='word_1_115' title='bbox 213 1305 290 1344; x_wconf 72' lang='lat' dir='ltr'>eibi</span> <span class='ocrx_word' id='word_1_116' title='bbox 317 1304 550 1355; x_wconf 84' lang='lat' dir='ltr'>repperisse</span> <span class='ocrx_word' id='word_1_117' title='bbox 580 1303 688 1342; x_wconf 85' lang='lat' dir='ltr'>visus</span> <span class='ocrx_word' id='word_1_118' title='bbox 718 1306 780 1342; x_wconf 88' lang='lat' dir='ltr'>est</span> <span class='ocrx_word' id='word_1_119' title='bbox 807 1303 851 1341; x_wconf 92' lang='lat' dir='ltr'>in</span> <span class='ocrx_word' id='word_1_120' title='bbox 879 1313 999 1343; x_wconf 86' lang='lat' dir='ltr'>versu</span> <span class='ocrx_word' id='word_1_121' title='bbox 1029 1314 1078 1340; x_wconf 85' lang='lat' dir='ltr'>ex</span> <span class='ocrx_word' id='word_1_122' title='bbox 1106 1301 1260 1340; x_wconf 87' lang='lat' dir='ltr'>incerta</span> <span class='ocrx_word' id='word_1_123' title='bbox 1278 1300 1490 1352; x_wconf 84' lang='lat' dir='ltr'>Eupolidis</span> <span class='ocrx_word' id='word_1_124' title='bbox 1519 1298 1657 1338; x_wconf 83' lang='lat' dir='ltr'>fabula</span> 
     </span>
     <span class='ocr_line' id='line_1_16' title="bbox 213 1372 1656 1432; baseline -0.005 -11"><span class='ocrx_word' id='word_1_125' title='bbox 213 1382 335 1421; x_wconf 78' lang='lat' dir='ltr'>allato</span> <span class='ocrx_word' id='word_1_126' title='bbox 365 1382 415 1420; x_wconf 87' lang='lat' dir='ltr'>ab</span> <span class='ocrx_word' id='word_1_127' title='bbox 445 1381 623 1432; x_wconf 83' lang='lat' dir='ltr'>Etymol.</span> <span class='ocrx_word' id='word_1_128' title='bbox 653 1380 712 1420; x_wconf 90' lang='lat' dir='ltr'>M.</span> <span class='ocrx_word' id='word_1_129' title='bbox 742 1392 783 1431; x_wconf 88' lang='lat' dir='ltr'>p.</span> <span class='ocrx_word' id='word_1_130' title='bbox 813 1378 895 1418; x_wconf 82' lang='lat'>486</span> <span class='ocrx_word' id='word_1_131' title='bbox 933 1378 986 1418; x_wconf 80' lang='lat'>48</span> <span class='ocrx_word' id='word_1_132' title='bbox 1024 1372 1207 1429; x_wconf 73' lang='grc' dir='ltr'><em>βάπτειν</em></span> <span class='ocrx_word' id='word_1_133' title='bbox 1248 1373 1303 1416; x_wconf 79' lang='grc' dir='ltr'>τὰ</span> <span class='ocrx_word' id='word_1_134' title='bbox 1331 1373 1465 1426; x_wconf 76' lang='grc' dir='ltr'><em>κάλλη</em></span> <span class='ocrx_word' id='word_1_135' title='bbox 1495 1373 1550 1415; x_wconf 76' lang='grc' dir='ltr'>τὰ</span> <span class='ocrx_word' id='word_1_136' title='bbox 1579 1388 1656 1416; x_wconf 84' lang='grc' dir='ltr'><strong><em>πε·-</em></strong></span> 
     </span>
     <span class='ocr_line' id='line_1_17' title="bbox 213 1453 1655 1513; baseline -0.003 -17"><span class='ocrx_word' id='word_1_137' title='bbox 213 1455 396 1512; x_wconf 67' lang='grc' dir='ltr'><em>ρίσεμνα</em></span> <span class='ocrx_word' id='word_1_138' title='bbox 431 1457 484 1513; x_wconf 76' lang='grc' dir='ltr'>τῇ</span> <span class='ocrx_word' id='word_1_139' title='bbox 519 1454 631 1510; x_wconf 57' lang='grc' dir='ltr'>ι’)ὲῷ,</span> <span class='ocrx_word' id='word_1_140' title='bbox 671 1469 792 1508; x_wconf 89' lang='lat' dir='ltr'>quem</span> <span class='ocrx_word' id='word_1_141' title='bbox 828 1468 990 1495; x_wconf 90' lang='lat' dir='ltr'>versum</span> <span class='ocrx_word' id='word_1_142' title='bbox 1028 1455 1148 1495; x_wconf 89' lang='lat' dir='ltr'>etiam</span> <span class='ocrx_word' id='word_1_143' title='bbox 1184 1456 1253 1496; x_wconf 89' lang='lat' dir='ltr'>alii</span> <span class='ocrx_word' id='word_1_144' title='bbox 1291 1456 1342 1495; x_wconf 86' lang='lat' dir='ltr'>ad</span> <span class='ocrx_word' id='word_1_145' title='bbox 1369 1457 1518 1507; x_wconf 72' lang='lat' dir='ltr'>Raptus</span> <span class='ocrx_word' id='word_1_146' title='bbox 1544 1453 1655 1493; x_wconf 88' lang='lat' dir='ltr'>refe-</span> 
     </span>
     <span class='ocr_line' id='line_1_18' title="bbox 212 1532 1653 1585; baseline -0.003 -10"><span class='ocrx_word' id='word_1_147' title='bbox 212 1537 384 1575; x_wconf 88' lang='lat' dir='ltr'>rendum</span> <span class='ocrx_word' id='word_1_148' title='bbox 419 1548 510 1574; x_wconf 85' lang='lat' dir='ltr'>esse</span> <span class='ocrx_word' id='word_1_149' title='bbox 546 1534 741 1585; x_wconf 88' lang='lat' dir='ltr'>suspicati</span> <span class='ocrx_word' id='word_1_150' title='bbox 782 1539 889 1573; x_wconf 88' lang='lat' dir='ltr'>sunt.</span> <span class='ocrx_word' id='word_1_151' title='bbox 962 1532 1045 1573; x_wconf 87' lang='lat' dir='ltr'>Sed</span> <span class='ocrx_word' id='word_1_152' title='bbox 1084 1533 1186 1572; x_wconf 85' lang='lat' dir='ltr'>tales</span> <span class='ocrx_word' id='word_1_153' title='bbox 1223 1534 1476 1573; x_wconf 83' lang='lat' dir='ltr'>coniecturas</span> <span class='ocrx_word' id='word_1_154' title='bbox 1512 1544 1653 1583; x_wconf 85' lang='lat' dir='ltr'>quam-</span> 
     </span>
     <span class='ocr_line' id='line_1_19' title="bbox 214 1610 1656 1665; baseline -0.003 -12"><span class='ocrx_word' id='word_1_155' title='bbox 214 1624 335 1665; x_wconf 83' lang='lat' dir='ltr'>quam</span> <span class='ocrx_word' id='word_1_156' title='bbox 365 1625 445 1652; x_wconf 90' lang='lat' dir='ltr'>non</span> <span class='ocrx_word' id='word_1_157' title='bbox 474 1612 620 1651; x_wconf 88' lang='lat' dir='ltr'>damno</span> <span class='ocrx_word' id='word_1_158' title='bbox 651 1611 861 1662; x_wconf 85' lang='lat' dir='ltr'>equidem,</span> <span class='ocrx_word' id='word_1_159' title='bbox 899 1622 979 1649; x_wconf 90' lang='lat' dir='ltr'>non</span> <span class='ocrx_word' id='word_1_160' title='bbox 1008 1610 1064 1649; x_wconf 89' lang='lat' dir='ltr'>ita</span> <span class='ocrx_word' id='word_1_161' title='bbox 1093 1613 1227 1650; x_wconf 86' lang='lat' dir='ltr'>tamen</span> <span class='ocrx_word' id='word_1_162' title='bbox 1258 1611 1307 1650; x_wconf 90' lang='lat' dir='ltr'>iis</span> <span class='ocrx_word' id='word_1_163' title='bbox 1334 1611 1532 1651; x_wconf 89' lang='lat' dir='ltr'>utendum</span> <span class='ocrx_word' id='word_1_164' title='bbox 1560 1622 1656 1648; x_wconf 86' lang='lat' dir='ltr'>een-</span> 
     </span>
     <span class='ocr_line' id='line_1_20' title="bbox 214 1686 1653 1740; baseline -0.002 -10"><span class='ocrx_word' id='word_1_165' title='bbox 214 1703 287 1730; x_wconf 88' lang='lat' dir='ltr'>seo</span> <span class='ocrx_word' id='word_1_166' title='bbox 323 1693 369 1729; x_wconf 91' lang='lat' dir='ltr'>ut</span> <span class='ocrx_word' id='word_1_167' title='bbox 407 1688 709 1740; x_wconf 80' lang='lat' dir='ltr'>deperditarum</span> <span class='ocrx_word' id='word_1_168' title='bbox 746 1686 975 1726; x_wconf 86' lang='lat' dir='ltr'>fabularum</span> <span class='ocrx_word' id='word_1_169' title='bbox 1014 1691 1251 1740; x_wconf 80' lang='lat' dir='ltr'>argumenta</span> <span class='ocrx_word' id='word_1_170' title='bbox 1286 1688 1337 1727; x_wconf 88' lang='lat' dir='ltr'>iis</span> <span class='ocrx_word' id='word_1_171' title='bbox 1371 1691 1653 1740; x_wconf 86' lang='lat' dir='ltr'>superstruan-</span> 
     </span>
     <span class='ocr_line' id='line_1_21' title="bbox 212 1763 1654 1818; baseline -0.003 -11"><span class='ocrx_word' id='word_1_172' title='bbox 212 1772 301 1815; x_wconf 87' lang='lat' dir='ltr'>tur,</span> <span class='ocrx_word' id='word_1_173' title='bbox 336 1767 380 1807; x_wconf 92' lang='lat' dir='ltr'>id</span> <span class='ocrx_word' id='word_1_174' title='bbox 409 1765 518 1818; x_wconf 91' lang='lat' dir='ltr'>quod</span> <span class='ocrx_word' id='word_1_175' title='bbox 546 1765 579 1804; x_wconf 93' lang='lat' dir='ltr'><strong>F</strong></span> <span class='ocrx_word' id='word_1_176' title='bbox 582 1764 796 1803; x_wconf 86' lang='lat' dir='ltr'>ritzschius</span> <span class='ocrx_word' id='word_1_177' title='bbox 825 1763 945 1812; x_wconf 86' lang='lat' dir='ltr'>fecit,</span> <span class='ocrx_word' id='word_1_178' title='bbox 980 1765 1049 1816; x_wconf 92' lang='lat' dir='ltr'>qui</span> <span class='ocrx_word' id='word_1_179' title='bbox 1078 1777 1128 1804; x_wconf 88' lang='lat' dir='ltr'>eo</span> <span class='ocrx_word' id='word_1_180' title='bbox 1161 1776 1406 1816; x_wconf 81' lang='lat' dir='ltr'>progressus</span> <span class='ocrx_word' id='word_1_181' title='bbox 1436 1770 1499 1805; x_wconf 85' lang='lat' dir='ltr'>est</span> <span class='ocrx_word' id='word_1_182' title='bbox 1526 1770 1654 1804; x_wconf 88' lang='lat' dir='ltr'>teme-</span> 
     </span>
     <span class='ocr_line' id='line_1_22' title="bbox 213 1841 1655 1895; baseline 0 -13"><span class='ocrx_word' id='word_1_183' title='bbox 213 1845 357 1891; x_wconf 85' lang='lat' dir='ltr'>ritatis,</span> <span class='ocrx_word' id='word_1_184' title='bbox 388 1847 433 1881; x_wconf 95' lang='lat' dir='ltr'>ut</span> <span class='ocrx_word' id='word_1_185' title='bbox 460 1854 622 1881; x_wconf 87' lang='lat' dir='ltr'>versum</span> <span class='ocrx_word' id='word_1_186' title='bbox 651 1842 768 1880; x_wconf 91' lang='lat' dir='ltr'>illum</span> <span class='ocrx_word' id='word_1_187' title='bbox 798 1842 874 1881; x_wconf 87' lang='lat' dir='ltr'>nisi</span> <span class='ocrx_word' id='word_1_188' title='bbox 903 1843 945 1881; x_wconf 90' lang='lat' dir='ltr'>in</span> <span class='ocrx_word' id='word_1_189' title='bbox 974 1841 1111 1892; x_wconf 87' lang='lat' dir='ltr'>Baptis</span> <span class='ocrx_word' id='word_1_190' title='bbox 1140 1854 1336 1892; x_wconf 83' lang='lat' dir='ltr'>nusquam</span> <span class='ocrx_word' id='word_1_191' title='bbox 1364 1842 1446 1894; x_wconf 84' lang='lat' dir='ltr'>legi</span> <span class='ocrx_word' id='word_1_192' title='bbox 1473 1843 1655 1895; x_wconf 87' lang='lat' dir='ltr'>potuisse</span> 
     </span>
     <span class='ocr_line' id='line_1_23' title="bbox 214 1917 1692 1970; baseline -0.001 -10"><span class='ocrx_word' id='word_1_193' title='bbox 214 1921 440 1960; x_wconf 86' lang='lat' dir='ltr'>affirmaret</span> <span class='ocrx_word' id='word_1_194' title='bbox 476 1919 646 1970; x_wconf 84' lang='lat' dir='ltr'>eiusque</span> <span class='ocrx_word' id='word_1_195' title='bbox 685 1919 810 1958; x_wconf 91' lang='lat' dir='ltr'>ductu</span> <span class='ocrx_word' id='word_1_196' title='bbox 840 1923 968 1959; x_wconf 89' lang='lat' dir='ltr'>totam</span> <span class='ocrx_word' id='word_1_197' title='bbox 1003 1918 1167 1957; x_wconf 87' lang='lat' dir='ltr'>fabulae</span> <span class='ocrx_word' id='word_1_198' title='bbox 1206 1917 1382 1957; x_wconf 86' lang='lat' dir='ltr'>formam</span> <span class='ocrx_word' id='word_1_199' title='bbox 1411 1923 1453 1958; x_wconf 90' lang='lat' dir='ltr'>et</span> <span class='ocrx_word' id='word_1_200' title='bbox 1480 1932 1654 1958; x_wconf 89' lang='lat' dir='ltr'>oecono-</span> <span class='ocrx_word' id='word_1_201' title='bbox 1690 1948 1692 1950; x_wconf 84' lang='grc'>-</span> 
     </span>
     <span class='ocr_line' id='line_1_24' title="bbox 212 1994 1654 2047; baseline -0.001 -11"><span class='ocrx_word' id='word_1_202' title='bbox 212 1998 335 2037; x_wconf 89' lang='lat' dir='ltr'>miam</span> <span class='ocrx_word' id='word_1_203' title='bbox 383 1995 635 2036; x_wconf 88' lang='lat' dir='ltr'>enuclearet.</span> <span class='ocrx_word' id='word_1_204' title='bbox 711 1996 841 2034; x_wconf 91' lang='lat' dir='ltr'>Porro</span> <span class='ocrx_word' id='word_1_205' title='bbox 878 1994 1105 2035; x_wconf 74' lang='lat' dir='ltr'>Casauboni</span> <span class='ocrx_word' id='word_1_206' title='bbox 1141 1998 1183 2033; x_wconf 88' lang='lat' dir='ltr'>et</span> <span class='ocrx_word' id='word_1_207' title='bbox 1223 1995 1397 2034; x_wconf 86' lang='lat' dir='ltr'>Gesneri</span> <span class='ocrx_word' id='word_1_208' title='bbox 1443 1996 1654 2047; x_wconf 86' lang='lat' dir='ltr'>opiniones</span> 
     </span>
     <span class='ocr_line' id='line_1_25' title="bbox 212 2070 1655 2124; baseline -0.002 -11"><span class='ocrx_word' id='word_1_209' title='bbox 212 2075 293 2113; x_wconf 85' lang='lat' dir='ltr'>iam</span> <span class='ocrx_word' id='word_1_210' title='bbox 329 2074 398 2112; x_wconf 92' lang='lat' dir='ltr'>diu</span> <span class='ocrx_word' id='word_1_211' title='bbox 447 2076 510 2112; x_wconf 86' lang='lat' dir='ltr'>est</span> <span class='ocrx_word' id='word_1_212' title='bbox 547 2072 656 2124; x_wconf 90' lang='lat' dir='ltr'>quod</span> <span class='ocrx_word' id='word_1_213' title='bbox 701 2072 926 2112; x_wconf 85' lang='lat' dir='ltr'>confutavit</span> <span class='ocrx_word' id='word_1_214' title='bbox 959 2070 1187 2111; x_wconf 85' lang='lat' dir='ltr'>Lobeckius</span> <span class='ocrx_word' id='word_1_215' title='bbox 1233 2071 1393 2111; x_wconf 87' lang='lat' dir='ltr'>dissert.</span> <span class='ocrx_word' id='word_1_216' title='bbox 1432 2072 1484 2111; x_wconf 93' lang='lat' dir='ltr'>de</span> <span class='ocrx_word' id='word_1_217' title='bbox 1524 2075 1655 2111; x_wconf 90' lang='lat' dir='ltr'>morte</span> 
     </span>
     <span class='ocr_line' id='line_1_26' title="bbox 213 2148 1654 2202; baseline -0.002 -12"><span class='ocrx_word' id='word_1_218' title='bbox 213 2150 365 2190; x_wconf 89' lang='lat' dir='ltr'>Bacchi</span> <span class='ocrx_word' id='word_1_219' title='bbox 394 2149 433 2188; x_wconf 92' lang='lat'>11</span> <span class='ocrx_word' id='word_1_220' title='bbox 461 2163 502 2202; x_wconf 89' lang='lat' dir='ltr'>p.</span> <span class='ocrx_word' id='word_1_221' title='bbox 535 2150 601 2198; x_wconf 88' lang='grc'>12,</span> <span class='ocrx_word' id='word_1_222' title='bbox 640 2150 710 2201; x_wconf 88' lang='lat' dir='ltr'>qui</span> <span class='ocrx_word' id='word_1_223' title='bbox 737 2149 827 2200; x_wconf 86' lang='lat' dir='ltr'>ipse</span> <span class='ocrx_word' id='word_1_224' title='bbox 856 2149 1074 2199; x_wconf 88' lang='lat' dir='ltr'>Baptarum</span> <span class='ocrx_word' id='word_1_225' title='bbox 1102 2161 1250 2188; x_wconf 90' lang='lat' dir='ltr'>nomen</span> <span class='ocrx_word' id='word_1_226' title='bbox 1279 2161 1303 2187; x_wconf 88' lang='lat' dir='ltr'>a</span> <span class='ocrx_word' id='word_1_227' title='bbox 1330 2149 1454 2187; x_wconf 85' lang='lat' dir='ltr'>sacris</span> <span class='ocrx_word' id='word_1_228' title='bbox 1490 2148 1654 2188; x_wconf 89' lang='lat' dir='ltr'>immer-</span> 
     </span>
     <span class='ocr_line' id='line_1_27' title="bbox 214 2225 1654 2279; baseline -0.001 -13"><span class='ocrx_word' id='word_1_229' title='bbox 214 2227 395 2267; x_wconf 88' lang='lat' dir='ltr'>sionibus</span> <span class='ocrx_word' id='word_1_230' title='bbox 432 2230 475 2265; x_wconf 86' lang='lat' dir='ltr'>et</span> <span class='ocrx_word' id='word_1_231' title='bbox 510 2227 718 2279; x_wconf 89' lang='lat' dir='ltr'>baptismis</span> <span class='ocrx_word' id='word_1_232' title='bbox 755 2226 1036 2265; x_wconf 88' lang='lat' dir='ltr'>denominatos</span> <span class='ocrx_word' id='word_1_233' title='bbox 1077 2225 1296 2274; x_wconf 83' lang='lat' dir='ltr'>existimat,</span> <span class='ocrx_word' id='word_1_234' title='bbox 1333 2238 1451 2277; x_wconf 86' lang='lat' dir='ltr'>quam</span> <span class='ocrx_word' id='word_1_235' title='bbox 1490 2229 1654 2265; x_wconf 86' lang='lat' dir='ltr'>senten-</span> 
     </span>
     <span class='ocr_line' id='line_1_28' title="bbox 214 2301 1653 2361; baseline -0.001 -18"><span class='ocrx_word' id='word_1_236' title='bbox 214 2305 320 2361; x_wconf 58' lang='lat' dir='ltr'>tiam⁶</span> <span class='ocrx_word' id='word_1_237' title='bbox 349 2304 411 2343; x_wconf 83' lang='lat' dir='ltr'>vir</span> <span class='ocrx_word' id='word_1_238' title='bbox 448 2304 637 2356; x_wconf 81' lang='lat' dir='ltr'>egregius</span> <span class='ocrx_word' id='word_1_239' title='bbox 674 2307 816 2356; x_wconf 88' lang='lat' dir='ltr'>postea</span> <span class='ocrx_word' id='word_1_240' title='bbox 851 2303 893 2343; x_wconf 88' lang='lat' dir='ltr'>in</span> <span class='ocrx_word' id='word_1_241' title='bbox 930 2301 1130 2354; x_wconf 81' lang='lat' dir='ltr'>Aglaoph.</span> <span class='ocrx_word' id='word_1_242' title='bbox 1168 2302 1237 2341; x_wconf 90' lang='lat' dir='ltr'>lib.</span> <span class='ocrx_word' id='word_1_243' title='bbox 1276 2302 1314 2341; x_wconf 93' lang='lat'>11</span> <span class='ocrx_word' id='word_1_244' title='bbox 1350 2316 1390 2354; x_wconf 87' lang='lat' dir='ltr'>p.</span> <span class='ocrx_word' id='word_1_245' title='bbox 1422 2302 1531 2342; x_wconf 81' lang='lat'>1004</span> <span class='ocrx_word' id='word_1_246' title='bbox 1567 2315 1653 2353; x_wconf 80' lang='lat' dir='ltr'>sqq.</span> 
     </span>
     <span class='ocr_line' id='line_1_29' title="bbox 214 2379 1682 2433; baseline -0.003 -12"><span class='ocrx_word' id='word_1_247' title='bbox 214 2382 287 2421; x_wconf 91' lang='lat' dir='ltr'>ubi</span> <span class='ocrx_word' id='word_1_248' title='bbox 313 2384 442 2420; x_wconf 80' lang='lat' dir='ltr'>totam</span> <span class='ocrx_word' id='word_1_249' title='bbox 472 2381 524 2420; x_wconf 85' lang='lat' dir='ltr'>de</span> <span class='ocrx_word' id='word_1_250' title='bbox 548 2382 738 2433; x_wconf 81' lang='lat' dir='ltr'>Cotyttiis</span> <span class='ocrx_word' id='word_1_251' title='bbox 768 2381 1044 2432; x_wconf 87' lang='lat' dir='ltr'>quaestionem</span> <span class='ocrx_word' id='word_1_252' title='bbox 1073 2379 1323 2428; x_wconf 85' lang='lat' dir='ltr'>recognovit,</span> <span class='ocrx_word' id='word_1_253' title='bbox 1353 2380 1555 2430; x_wconf 84' lang='lat' dir='ltr'>copiosius</span> <span class='ocrx_word' id='word_1_254' title='bbox 1585 2392 1653 2417; x_wconf 79' lang='lat' dir='ltr'>ex·</span> <span class='ocrx_word' id='word_1_255' title='bbox 1679 2393 1682 2398; x_wconf 96' lang='lat'>·</span> 
     </span>
     <span class='ocr_line' id='line_1_30' title="bbox 214 2455 1654 2513; baseline -0.001 -17"><span class='ocrx_word' id='word_1_256' title='bbox 214 2458 370 2511; x_wconf 87' lang='lat' dir='ltr'>plicuit.</span> <span class='ocrx_word' id='word_1_257' title='bbox 436 2458 581 2509; x_wconf 83' lang='lat' dir='ltr'>Neque</span> <span class='ocrx_word' id='word_1_258' title='bbox 617 2459 758 2511; x_wconf 83' lang='lat' dir='ltr'>negari</span> <span class='ocrx_word' id='word_1_259' title='bbox 786 2460 947 2513; x_wconf 86' lang='lat' dir='ltr'>potest,</span> <span class='ocrx_word' id='word_1_260' title='bbox 983 2456 1018 2494; x_wconf 86' lang='lat' dir='ltr'>si</span> <span class='ocrx_word' id='word_1_261' title='bbox 1047 2455 1255 2506; x_wconf 88' lang='lat' dir='ltr'>baptismis</span> <span class='ocrx_word' id='word_1_262' title='bbox 1284 2456 1417 2494; x_wconf 86' lang='lat' dir='ltr'>locum</span> <span class='ocrx_word' id='word_1_263' title='bbox 1445 2456 1486 2494; x_wconf 90' lang='lat' dir='ltr'>in</span> <span class='ocrx_word' id='word_1_264' title='bbox 1516 2455 1654 2494; x_wconf 84' lang='lat' dir='ltr'>sabula</span> 
     </span>
     <span class='ocr_line' id='line_1_31' title="bbox 215 2532 1652 2586; baseline -0.003 -10"><span class='ocrx_word' id='word_1_265' title='bbox 215 2535 432 2586; x_wconf 88' lang='lat' dir='ltr'>Eupolidis</span> <span class='ocrx_word' id='word_1_266' title='bbox 461 2535 746 2583; x_wconf 87' lang='lat' dir='ltr'>concedemus,</span> <span class='ocrx_word' id='word_1_267' title='bbox 774 2535 854 2573; x_wconf 90' lang='lat' dir='ltr'>iam</span> <span class='ocrx_word' id='word_1_268' title='bbox 892 2533 1014 2573; x_wconf 88' lang='lat' dir='ltr'>etiam</span> <span class='ocrx_word' id='word_1_269' title='bbox 1044 2532 1340 2585; x_wconf 80' lang='lat' dir='ltr'>epigrammatis</span> <span class='ocrx_word' id='word_1_270' title='bbox 1368 2544 1530 2571; x_wconf 86' lang='lat' dir='ltr'>sensum</span> <span class='ocrx_word' id='word_1_271' title='bbox 1559 2545 1652 2571; x_wconf 84' lang='lat' dir='ltr'>eva-</span> 
     </span>
    </p>

    <p class='ocr_par' dir='ltr' id='par_1_3' title="bbox 218 2587 1699 2738">
     <span class='ocr_line' id='line_1_32' title="bbox 218 2587 1699 2663; baseline -0.002 -12"><span class='ocrx_word' id='word_1_272' title='bbox 218 2610 318 2651; x_wconf 87' lang='lat' dir='ltr'>dere</span> <span class='ocrx_word' id='word_1_273' title='bbox 352 2611 597 2661; x_wconf 88' lang='lat' dir='ltr'>acutiorem,</span> <span class='ocrx_word' id='word_1_274' title='bbox 635 2612 679 2652; x_wconf 85' lang='lat' dir='ltr'>in</span> <span class='ocrx_word' id='word_1_275' title='bbox 715 2623 795 2663; x_wconf 90' lang='lat' dir='ltr'>quo</span> <span class='ocrx_word' id='word_1_276' title='bbox 831 2610 975 2650; x_wconf 87' lang='lat' dir='ltr'>marini</span> <span class='ocrx_word' id='word_1_277' title='bbox 1014 2610 1180 2656; x_wconf 80' lang='lat' dir='ltr'>fluctus,</span> <span class='ocrx_word' id='word_1_278' title='bbox 1219 2609 1364 2659; x_wconf 86' lang='lat' dir='ltr'>quibus</span> <span class='ocrx_word' id='word_1_279' title='bbox 1401 2621 1446 2648; x_wconf 84' lang='lat' dir='ltr'>se</span> <span class='ocrx_word' id='word_1_280' title='bbox 1475 2609 1651 2661; x_wconf 91' lang='lat' dir='ltr'>Eupolin</span> <span class='ocrx_word' id='word_1_281' title='bbox 1694 2587 1699 2595; x_wconf 31' lang='lat' dir='ltr'><em>A</em></span> 
     </span>
     <span class='ocr_line' id='line_1_33' title="bbox 219 2686 1652 2738; baseline -0.001 -11"><span class='ocrx_word' id='word_1_282' title='bbox 219 2688 504 2728; x_wconf 82' lang='lat' dir='ltr'>immersurum</span> <span class='ocrx_word' id='word_1_283' title='bbox 535 2700 627 2728; x_wconf 87' lang='lat' dir='ltr'>esse</span> <span class='ocrx_word' id='word_1_284' title='bbox 657 2689 833 2728; x_wconf 91' lang='lat' dir='ltr'>minatur</span> <span class='ocrx_word' id='word_1_285' title='bbox 861 2686 1111 2733; x_wconf 79' lang='lat' dir='ltr'>Alcibiades,</span> <span class='ocrx_word' id='word_1_286' title='bbox 1147 2686 1196 2725; x_wconf 83' lang='lat' dir='ltr'>iis</span> <span class='ocrx_word' id='word_1_287' title='bbox 1236 2689 1514 2738; x_wconf 89' lang='lat' dir='ltr'>opponuntur,</span> <span class='ocrx_word' id='word_1_288' title='bbox 1553 2696 1652 2737; x_wconf 80' lang='lat' dir='ltr'>quos</span> 
     </span>
    </p>
   </div>
  </div>
 </body>
</html>
