1702 3190
205 160 287 200 104
816 167 1001 197 nurous.

209 271 459 310 lacertarum
498 267 727 312 fabularum
766 267 995 321 fragmenta
1023 271 1247 318 supersunt
1277 268 1520 321 compluria,
1556 271 1671 323 quo-'

207 357 297 386 rum
328 359 431 397 quae
463 347 637 385 servavit
664 346 886 392 Stobaeus‚
915 345 1106 395 antiquae
1134 346 1367 385 comoediae
1388 350 1511 398 poeta
1539 361 1657 400 pror.

207 436 276 463 sus
304 425 470 476 indigna
500 427 541 462 et
570 423 802 462 Philemoni
838 422 974 473 potius
1014 424 1080 462 vel
1110 421 1367 474 Philippidae
1411 436 1529 474 quam
1558 425 1657 466 Phi-
1700 479 1702 482 .

207 500 371 541 Ionidae
409 501 623 540 tribuenda
661 513 751 539 esse
786 500 896 539 haud
932 500 1134 538 immerito
1165 501 1304 539 statuit
1332 502 1542 542 Hanovius
1569 503 1598 543 l.
1627 504 1656 544 1.

207 592 248 631 p.
281 580 347 618 11.
408 579 628 618 stobaeum
664 581 800 617 tamen
836 578 879 618 in
911 578 1175 629 excerpendis
1204 582 1417 630 poetarum
1446 581 1658 620 sententiis

208 655 450 696 Philonidae
487 657 636 696 fabulis
664 668 784 696 usum
822 668 913 695 esse
942 655 1077 695 Photii
1107 659 1263 695 constat
1300 657 1532 696 testimonio
1551 658 1656 699 Bibl.

208 734 289 773 167
318 747 357 786 p.
390 733 484 773 115.

317 810 577 859 EUPOLIS,
622 810 908 859 Atheniensis,
966 815 1142 852 testante
1184 813 1396 863 Anonymo
1448 813 1500 851 de
1542 815 1656 854 Com.

207 902 249 942 p.
278 889 414 929 XXIX
460 888 617 928 fabulas
647 888 817 928 Athenis
847 888 996 928 docere
1024 890 1160 941 coepit
1187 890 1463 940 magistratum
1493 895 1660 932 tenente

207 967 457 1018 Apollodoro
498 967 660 1018 Olymp.
700 964 930 1006 LXXXVII
975 966 1015 1014 4,
1047 979 1229 1017 quocum
1271 968 1530 1007 consentiunt
1566 969 1656 1009 fere

208 1055 311 1094 quae
341 1044 518 1095 Cyrillus
550 1053 598 1082 ex
627 1043 800 1094 antiquis
829 1042 1089 1094 chronologis
1117 1045 1282 1083 tradidit
1311 1057 1347 1084 o.
1378 1045 1521 1085 Iulian.
1550 1047 1657 1087 lib.1

207 1133 247 1171 p.
278 1120 332 1158 13
381 1122 427 1159 Β.
478 1115 742 1174 ὀγδοηκοστῇ
784 1114 919 1173 ὀγδόῃ
966 1115 1043 1156 τὸν
1081 1118 1289 1174 κωμῳδὸν
1326 1117 1665 1177 Ἀριστοφάνην

208 1192 401 1235 Εὕπολίν
437 1209 481 1235 τε
517 1195 592 1235 καὶ
628 1191 850 1234 Πλάτωνα
886 1194 1119 1247 γενέσθαι,
1163 1211 1266 1249 quae
1311 1213 1391 1239 non
1438 1202 1489 1240 de
1533 1203 1658 1242 natali

207 1287 337 1323 anno,
367 1275 441 1314 sed
473 1274 523 1313 de
554 1287 602 1314 eo
633 1279 819 1326 tempore
855 1286 934 1324 quo
964 1274 1025 1312 illi
1055 1276 1206 1326 primas
1230 1277 1388 1315 fabulas
1419 1279 1658 1328 docuerunt,

207 1353 472 1405 intelligenda
502 1365 592 1391 esse
621 1352 746 1391 verbo
777 1351 981 1390 monuisse
1011 1351 1201 1391 sufficiat.
1258 1353 1407 1392 Eidem
1428 1355 1659 1407 Olympiadi

208 1430 388 1482 Eupolin
419 1434 460 1469 et
489 1430 803 1482 Aristophanem
833 1429 1008 1479 assignat
1037 1429 1252 1480 Syncellus
1276 1431 1426 1470 Chron.
1455 1444 1495 1483 p.
1526 1433 1658 1473 2570.
1700 1472 1702 1474 ,

208 1508 394 1547 Natalem
436 1519 584 1547 annum
613 1507 827 1559 Eupolidis
852 1506 979 1546 vfacile
1010 1519 1033 1546 e
1062 1507 1212 1546 Suidae
1250 1508 1383 1547 verbis
1421 1521 1512 1547 oum
1549 1511 1660 1549 Ano·
1700 1547 1702 1549 a

209 1586 320 1637 nymi
360 1586 450 1624 loco
491 1586 732 1636 comparatis
771 1584 922 1627 elicias.
988 1584 1027 1624 Is
1058 1585 1165 1624 enim
1196 1597 1228 1623 s.
1259 1598 1296 1624 v.
1325 1580 1515 1633 Εὔπολις
1550 1587 1663 1627 huno

210 1662 369 1701 decimo
399 1662 573 1714 septimo
604 1663 746 1701 aetatis
775 1674 878 1700 anno
909 1661 1080 1713 primam
1116 1661 1296 1700 fabulam
1336 1662 1469 1713 egisse
1508 1664 1661 1704 diserte

208 1740 389 1788 tradidit,
435 1751 538 1791 quae
568 1739 602 1778 si
629 1752 725 1779 vora
754 1744 860 1788 sunt,
888 1738 1067 1791 Eupolin
1098 1738 1259 1790 olymp.
1288 1739 1502 1780 LXXXIII
1531 1742 1557 1780 3
1587 1755 1658 1782 na-

210 1820 295 1856 tum
327 1829 417 1856 esse
448 1822 633 1868 apertum
664 1822 739 1857 est.
806 1818 1000 1858 Nonnihil
1038 1821 1173 1856 tamen
1203 1817 1463 1857 dubitationis
1490 1820 1661 1860 iniicere

209 1895 359 1946 possit,
401 1894 510 1949 quod
540 1895 674 1946 legem
703 1894 831 1934 fuisse
859 1895 1101 1946 perhibent,
1141 1907 1219 1945 qua
1248 1898 1460 1934 caveretur
1488 1908 1540 1934 ne
1571 1898 1660 1947 quis

210 1976 304 2011 ante
333 1973 586 2024 trigesimum
616 1973 723 2020 sive,
760 1976 806 2011 ut
835 1973 903 2011 alii
932 1971 1093 2019 volunt,
1129 1971 1481 2022 quadragesimum
1517 1977 1661 2014 aetatis

210 2062 358 2089 annum
405 2049 565 2088 fabulas
613 2050 792 2088 doceret.
867 2049 1103 2088 Cuiusmodi
1142 2049 1276 2100 legem
1321 2050 1355 2088 si
1392 2063 1489 2090 vere
1531 2052 1662 2094 fuisse

211 2128 463 2168 scholiastae
492 2126 543 2166 ad
572 2126 857 2178 Aristophanis
885 2128 992 2167 Nub.
1009 2127 1091 2166 526
1122 2127 1324 2166 credimus
1357 2128 1443 2179 ⁴⁸),
1471 2141 1518 2168 ea
1547 2132 1689 2170 certe

211 2218 293 2245 non
324 2205 375 2244 ad
405 2205 594 2257 sequiora
630 2207 816 2256 tempora
852 2205 998 2253 valuit,
1036 2205 1234 2256 siquidem
1267 2205 1496 2246 Menander
1524 2209 1661 2257 etiam,

211 2295 302 2322 cum
329 2283 507 2322 nondum
538 2294 587 2322 ex
617 2281 787 2333 ephebis
816 2284 1069 2330 excessisset,
1099 2283 1352 2333 Antiphanes
1382 2288 1518 2324 autem
1547 2286 1660 2337 vige-

211 2361 312 2399 simo
343 2361 488 2399 aetatis
512 2373 617 2399 anno
646 2359 807 2400 fabulas
835 2359 986 2400 docuit.
1044 2360 1152 2403 Vide
1182 2360 1344 2414 Proleg.
1375 2362 1424 2400 ad
1442 2362 1657 2403 Menandr-

211 2451 253 2489 p,
280 2438 396 2477 XXX
423 2442 465 2478 et
494 2450 597 2490 quae
625 2437 732 2477 infra
761 2438 813 2477 de
842 2438 1073 2490 Antiphane
1097 2437 1301 2478 dicentur.
1372 2439 1510 2478 Minus
1546 2443 1659 2480 certa

211 2514 264 2554 de
293 2527 397 2555 anno
426 2528 504 2570 quo
536 2519 719 2558 mortuus
748 2520 810 2556 est
837 2516 1009 2570 Eupolis
1046 2515 1301 2570 pronunciari
1342 2519 1525 2568 possunt.
1597 2517 1659 2558 Ao

969 2599 1012 2635 ο.

273 2672 340 2720 ⁴⁸)
369 2669 461 2711 vid.
494 2671 707 2711 Clintonus
735 2670 873 2712 Praef.
903 2672 1013 2712 Fast.
1042 2670 1209 2710 Hellen.
1240 2683 1279 2724 p.
1311 2671 1397 2712 Lx.
