1702 3190
575 151 929 197 PRAEFATIO.
1415 147 1505 192 {XV

192 266 372 318 Κοινῶς
401 262 588 318 ποιητὰς
613 262 783 315 πάντας
811 261 922 313 ἔθος
949 261 1074 305 ἐστὶν
1101 260 1267 305 καλεῖν.
1295 267 1314 309 ,ἶ
1383 266 1387 306 ’.

191 344 267 386 καὶ
298 340 440 391 τοὺς
428 336 655 398 περιττοὺς
681 337 738 398 τῇ
764 334 898 395 φύσει
925 336 1003 380 καὶ
1031 333 1135 388 τοὺς
1162 331 1343 389 κακούς·

195 414 284 458 ἔδει
315 415 363 459 δὲ
390 412 568 471 κρὶιειν.

0 513 1 525 ³
24 491 164 541 Haec
180 490 325 556 igitur
342 491 606 555 fragmenta
626 472 703 553 qui
717 487 841 542 inter
854 502 910 535 se
923 485 1175 536 contulerit
1190 489 1239 535 et
1248 498 1505 548 argumen-

0 611 1 618 ι
25 580 122 624 tum
147 591 308 626 eorum
331 575 491 643 paullo
510 570 788 637 diligentius
813 569 1210 633 consideraverit,
1244 567 1400 619 omnia
1438 585 1505 619 ex

0 683 1 692 2
25 658 192 713 eodem
237 659 443 710 carmine
487 656 723 707 didactico
768 657 942 723 petita,
986 673 1015 706 a
1059 654 1311 706 comoedia
1351 659 1507 705 autem

27 743 229 802 maxime
246 744 400 795 aliena
416 758 531 794 esse
551 746 691 807 atque
717 741 903 800 omnino
932 739 1210 790 florentibus
1231 739 1365 789 attici
1395 755 1507 798 ser-⁴

25 830 176 880 monis
205 827 495 895 temporibus
514 825 661 876 scribi
683 842 776 876 non
793 825 1011 892 potuisse
1029 825 1280 890 intelliget.
1329 825 1507 889 Neque

25 914 329 981 improbabile
364 911 471 962 mihi
505 909 692 961 videtur
710 916 950 961 auctorem
973 910 1103 961 illius
1128 908 1351 962 carminis
1376 925 1504 969 eun-2

28 998 135 1049 dem
168 1015 284 1049 esse
318 997 551 1064 Simylum
595 996 732 1046 cuius
775 994 953 1061 aliquot
984 993 1046 1046 de
1081 995 1294 1062 Tarpeia
1323 1011 1504 1046 versus

29 1084 275 1149 elegiacos
309 1081 525 1133 servavit
554 1080 844 1131 Plutarchus
879 1080 927 1129 in
954 1079 1055 1129 vita
1082 1078 1269 1130 Romuli
1303 1095 1409 1146 cap.
1425 1078 1509 1130 1⁷.

29 1169 110 1219 ubi
142 1168 262 1218 haec
295 1167 544 1231 leguntur:
587 1164 784 1224 Σιμύλος
812 1163 865 1208 δ’
886 1163 911 1208 ὁ
940 1165 1125 1218 ποιητὴς
1147 1165 1223 1209 καὶ
1243 1163 1509 1212 παντάπασι

29 1251 156 1308 ληρεῖ
183 1249 245 1307 μὴ
285 1246 501 1306 Σαβίνοις
536 1241 736 1301 οιόμενος
772 1240 887 1287 ἀλλά
925 1243 1114 1294 Κελτοῖς
1151 1241 1245 1296 τὴν
1269 1245 1510 1309 Ταρπηΐαν

33 1325 278 1384 προδοῦναι
315 1320 367 1365 τὸ
409 1316 725 1373 Καπετώλιον,
761 1316 1036 1375 ἐρασθεῖσαν
1075 1315 1223 1362 αὐτῶν
1256 1316 1339 1361 τοῦ
1374 1318 1509 1383 βασιε

28 1401 150 1451 λὲως.
203 1399 317 1455 λέγει
346 1396 392 1439 δὲ
417 1394 583 1438 ταῦτα’,

82 1470 154 1516 ‘H
186 1469 234 1514 δ’
268 1468 407 1526 ἀγχοῦ
441 1462 650 1526 Ταρπηία
679 1467 824 1525 παραὶ
852 1462 1148 1514 Καπετώλιον
1177 1456 1310 1519 αἶπος

199 1544 390 1588 ναίουσα
413 1540 591 1600 Ῥώμης
621 1540 775 1585 ἐπλετο
804 1540 1051 1597 τειχολετις,
1218 1548 1221 1550 ·

91 1619 271 1663 Κελτῶν
299 1615 331 1671 οἳ
358 1618 578 1675 στέρξασα
605 1612 803 1672 γαμήλια
830 1615 987 1672 λέκτρα
1016 1614 1232 1670 γενέσθαι

201 1689 472 1750 σκηπτοὺχῳ,
502 1691 705 1747 πατέρων
734 1686 813 1732 οὐκ
841 1684 1029 1746 ἐφύλαξε
1057 1684 1240 1746 δόμους.

38 1765 136 1808 Καὶ
163 1763 265 1820 μετ’
294 1762 423 1820 ὀλίγα
451 1765 550 1822 περὶ
578 1764 654 1816 τῆς
681 1763 904 1814 τελευτῆς·

93 1836 178 1891 τὴν
204 1836 251 1881 δ’
283 1835 420 1895 οὑτᾶρ
447 1835 580 1880 Βόῖοί
609 1852 653 1878 τε
684 1837 761 1879 καὶ
790 1835 928 1882 ἔθνεα
955 1831 1094 1892 μυρία
1123 1833 1307 1878 Κελτῶν

203 1910 448 1969 κειράμενοι
475 1908 668 1971 ῥείθρων
696 1908 817 1960 ἐκτὸς
847 1907 1007 1955 ἔθεντο
1035 1905 1215 1962 Πάδου,

92 1978 210 2029 ὅπλα
238 1983 287 2028 δ’
319 1981 691 2043 ἐπιπροβαλόντες
720 1982 989 2041 ἄρειμανὲων
1018 1980 1106 2025 ἀπὸ
1130 1982 1290 2042 χειρῶν

204 2056 337 2119 κούρῃ
367 2060 441 2102 ε’πὶ
471 2057 656 2118 στυγερῇ
684 2056 855 2113 κόσμον
884 2054 1043 2102 ἔθεντο
1075 2055 1233 2114 φόνου.

39 2132 174 2194 Quae
217 2141 456 2185 auctorem
499 2135 704 2201 produnt
747 2134 1005 2198 Augusteo
1050 2133 1248 2183 saeculo
1292 2131 1379 2182 vix
1423 2149 1512 2182 su·-

38 2218 285 2284 periorem.
349 2218 435 2269 Ad
474 2218 719 2270 iambicum
762 2217 937 2284 Simyli
981 2233 1173 2267 carmen
1219 2222 1274 2266 ut
1304 2216 1514 2281 redeam,

41 2302 149 2368 ipsa
178 2303 405 2354 orationis
439 2304 560 2355 ratio
595 2302 717 2353 satis
742 2302 992 2351 manifesta
1024 2302 1168 2351 habet
1199 2317 1296 2352 non
1338 2302 1514 2355 atticae

42 2384 243 2450 originis
273 2387 509 2452 vestigia:
543 2404 609 2438 ex
637 2403 728 2452 quo
754 2402 934 2452 genere
957 2391 1033 2437 est
1056 2386 1303 2453 productio
1331 2387 1513 2455 primae

40 2470 259 2535 syllabae
274 2471 492 2522 vocabuli
506 2476 646 2533 τέχνη,
661 2471 899 2538 correptio
917 2470 1100 2521 articuli
1130 2472 1182 2518 τὸ
1212 2477 1323 2523 ante
1351 2473 1512 2535 ῥηθέν,

40 2554 346 2606 accusativus
382 2557 526 2618 εὐφυῆ
552 2571 639 2623 pro
667 2556 826 2619 εὐφυᾶ,
854 2573 971 2606 usus
1000 2555 1262 2623 particulae
1289 2559 1399 2604 πάλι
1425 2572 1515 2624 pro

41 2637 188 2696 πάλιν,
259 2657 350 2705 qua
417 2641 565 2690 forma
622 2646 899 2692 constanter
958 2641 1287 2693 abstinuerunt
1341 2650 1514 2710 poetae

40 2722 185 2773 attici.
269 2723 411 2775 Unde
458 2732 670 2793 apertum
710 2731 789 2777 est
829 2743 924 2778 non
978 2733 1111 2779 recte
1157 2743 1309 2796 nuper
1362 2727 1511 2780 virum
