1702 3190
600 187 909 219 enumerares.
1445 176 1502 218 8³

22 289 187 346 pliciter
219 282 430 331 Θάλαττα
465 293 635 332 vocatur
669 288 780 342 apud
809 286 996 331 Erotian.
1026 287 1162 329 Gloss.
1193 286 1321 343 Hipp.
1361 301 1402 344 p.
1430 289 1503 340 98,

23 372 96 414 ubi
123 371 296 426 proclivi
325 383 468 412 errore
507 370 579 421 (v.
607 368 769 413 Alberti
808 367 861 408 ad
888 366 1074 421 Hesych.
1104 380 1139 409 e.
1169 381 1208 408 v.
1238 363 1503 423 κορίαννον)

24 464 102 506 pro
136 444 408 506 Φερεκράτης
437 450 591 503 legitur
624 442 896 502 Φερεκύδης,
927 447 981 488 de
1012 459 1093 500 quo
1125 447 1320 487 admonui
1346 448 1389 488 In
1420 449 1503 489 Cu-

25 531 84 572 ris
122 531 213 571 crit.
249 543 291 584 p.
321 529 391 570 41.
437 529 722 582 Pherecydem
759 532 926 580 poetam
963 527 1167 567 comicum
1212 527 1317 566 miro
1361 539 1504 567 errore

26 610 145 652 finxit
158 609 345 662 Toupius
357 609 532 649 Emend.
564 609 622 651 IV
650 621 692 661 p.
716 608 814 648 136.
873 605 1116 646 Thalassam
1147 610 1286 647 autem
1315 606 1505 659 intellige

26 689 302 737 meretricem,
331 700 436 740 quae
465 687 587 727 etiam
617 686 815 727 Diocleae
844 684 1012 725 fabulae
1038 698 1190 726 nomen
1222 685 1349 726 dedit.

134 767 322 808 Fabulae
348 759 531 814 ’ληνὸς
560 759 589 816 ἢ
617 759 914 819 Παννυχίς
943 765 1154 818 integrum
1185 764 1368 818 elogium
1399 764 1510 804 extat

25 846 135 900 apud
173 845 433 887 Athenaeum
472 845 575 886 XIII
609 858 652 899 p.
683 847 807 887 olea
844 850 887 886 et
925 845 1174 897 Harpocrat.
1216 858 1250 886 s.
1289 856 1329 884 v.
1369 835 1508 889 ἰπνός.

25 921 121 966 ἔστι
149 921 255 977 γοῦν
285 921 434 977 δρᾶμα
471 919 733 980 Φερεκράτει
769 920 922 973 Ἰπνὸς
949 917 979 975 ἢ
1008 919 1256 976 Παννυχίς,
1287 921 1335 961 ἐν
1364 912 1398 978 ᾧ
1429 918 1504 971 δη-

27 1003 181 1048 λοῦται
220 1001 350 1043 τοῦτο
390 994 461 1043 ὅτι
501 1001 632 1059 μέρος
674 1002 753 1053 τῆς
796 998 938 1052 οἰκίας
977 997 1112 1044 ἐστίν,
1182 1002 1351 1055 Reliqui
1398 1001 1508 1042 nude

25 1079 179 1124 Ἰπνόν
205 1087 378 1132 vocant,
407 1083 537 1124 semel
568 1083 824 1124 Scholiastae
853 1083 1144 1136 Aristophanis
1175 1083 1273 1123 Pac.
1303 1082 1415 1123 1241
1448 1080 1507 1122 di-

30 1164 138 1204 citur
165 1155 406 1214 Παννυχίς.
470 1162 554 1203 Pro
590 1157 741 1210 Ἰπνὸς
778 1162 930 1215 passim
960 1161 1109 1201 vitiose
1139 1161 1293 1214 legitur
1323 1153 1510 1208 ‘'anoc.

28 1242 81 1286 V.
130 1242 420 1282 casaubonum
465 1241 518 1281 ad
558 1242 714 1281 Athen.
751 1241 779 1280 l.
819 1240 849 1280 1.
918 1239 1044 1292 Apud
1084 1240 1301 1281 Pollucem
1347 1239 1388 1282 X
1427 1240 1512 1281 184

27 1324 145 1369 tecte
175 1333 200 1360 e
227 1319 345 1359 libris
374 1320 602 1372 repositum
637 1325 702 1360 est
727 1312 880 1375 Ἰπνῷ.
938 1320 1035 1359 Hoc
1063 1319 1172 1359 enim
1202 1323 1377 1359 accentu
1407 1318 1513 1359 scri-

27 1400 139 1445 bitur
167 1399 288 1440 etiam
318 1399 427 1452 apud
456 1400 662 1454 Harpocr.
691 1400 720 1440 l.
751 1399 781 1440 l.
841 1399 996 1439 Contra
1024 1399 1134 1451 apud
1168 1399 1328 1439 Polluc.
1358 1398 1398 1439 X
1428 1399 1507 1439 181

27 1477 103 1533 pro
132 1475 179 1517 ἐν
203 1472 392 1517 Ἰππιῦνι
421 1479 556 1520 minus
585 1484 701 1519 recte
725 1477 898 1518 edidere
926 1474 974 1516 ἐν
1003 1471 1159 1533 Ὕπνῳ.
1227 1478 1274 1518 In
1304 1477 1512 1519 Athenaei

13 1556 108 1600 MS
145 1558 306 1600 Veneto
347 1558 501 1610 ubique
540 1559 694 1612 legitur
723 1552 895 1604 Ἴπνος.
961 1556 1014 1598 V.
1044 1557 1282 1611 Schweigh.
1318 1557 1402 1599 vol.
1433 1557 1513 1600 VII

31 1648 74 1690 Ρ.
101 1637 197 1679 319.
264 1637 457 1678 Eundem
496 1637 663 1679 fabulae
702 1637 869 1678 titulum
913 1637 957 1677 in
997 1630 1150 1677 Ἰστόν
1189 1638 1343 1679 abiisse
1379 1637 1512 1679 videri

33 1716 141 1770 apud
168 1717 336 1758 Suidam
366 1730 400 1759 s,
430 1731 469 1759 v.
498 1712 634 1768 ἄξιος,
664 1718 743 1758 alio
774 1718 868 1757 loco
902 1717 1059 1757 monui.

142 1791 467 1850 Κοριαννώ,
499 1797 566 1837 cui
596 1811 619 1837 a
648 1796 871 1837 meretrice
900 1809 1052 1836 nomen
1081 1796 1259 1836 inditum
1288 1808 1383 1836 esse
1414 1808 1527 1837 con-¹

34 1876 114 1919 ⁸th
150 1887 211 1916 exv
233 1877 450 1918 Athenaeo
479 1877 582 1917 XIII
622 1890 666 1929 p.
694 1876 780 1916 567
796 1889 831 1925 c,
863 1875 1109 1928 plerumque
1139 1879 1336 1928 corrupto
1377 1875 1516 1928 elogio

31 1951 233 2005 laudatur,
261 1957 377 1996 velut
407 1957 516 2009 apud
547 1956 870 1996 Grammaticum
901 1956 1077 2008 Seguer.
1108 1956 1126 1995 I
1157 1969 1198 2009 p.
1217 1954 1315 1996 345.
1379 1952 1511 2009 Φερε-

32 2026 190 2086 κράτης
232 2030 470 2089 Κοριάνοις
515 2049 591 2089 pro
634 2032 896 2088 Κοριαννοῖ.
989 2034 1106 2074 Idem
1160 2035 1303 2075 vitium
1357 2034 1513 2075 ibidem

31 2121 73 2163 p.
101 2111 198 2154 4⁰6.
226 2113 324 2155 412.
353 2115 451 2165 418,
481 2115 591 2167 apud
621 2113 790 2155 Suidam
821 2126 909 2154 s.v.
938 2105 1310 2167 ἀνυδρεύσασθαι
1340 2114 1517 2166 aliisque

0 2207 1 2244 j
32 2188 136 2231 locis
164 2193 395 2244 permultis,
426 2194 573 2247 quibus
604 2193 794 2234 omnibus
825 2189 1075 2246 Κοριαννοῖ
1099 2193 1405 2233 restituendum
1436 2196 1513 2241 est,

0 2284 3 2332 {¹
34 2272 177 2309 contra
219 2284 269 2310 ac
306 2271 502 2313 Dorvillio
540 2273 674 2313 visum
725 2276 790 2311 est
827 2271 878 2310 ad
914 2270 1147 2323 Hephaest.
1184 2284 1226 2325 p.
1259 2272 1340 2311 101
1382 2271 1511 2312 Gaisf.

0 2333 2 2389 ἷ
34 2345 144 2385 male
172 2351 424 2400 comparanti
453 2351 589 2391 Plauti
617 2350 916 2391 Menaechmos
957 2354 998 2390 et
1037 2350 1195 2390 Cratini
1225 2351 1514 2392 Archilochon.

35 2423 197 2466 Eodem
228 2438 395 2478 errore,
423 2433 470 2470 ut
498 2429 684 2479 videtur,
714 2427 886 2470 Suidas:
917 2423 1175 2483 Κορίαννοι.
1238 2426 1515 2485 Φερεκράτης

148 2620 322 2679 κράνην,
354 2642 402 2669 ex
420 2630 566 2681 quibus
591 2624 835 2680 Ἐπιστολὴ
860 2629 900 2669 in
928 2629 1104 2671 indicem
1120 2631 1356 2672 fabularum
1374 2631 1521 2672 Meur-

147 2684 198 2724 eii
229 2690 271 2724 et
299 2686 478 2726 Fabricii
505 2687 695 2741 irrepsit,
725 2690 784 2728 ita
814 2688 1024 2728 emendari
1055 2689 1254 2737 debeant:
1301 2685 1519 2744 Φερεκρά-

148 2751 225 2790 της
254 2739 302 2781 ἐν
326 2736 625 2800 Ἐπιλήσμονι
645 2738 805 2796 “’οστις
834 2742 1062 2800 παρέθηκε
1093 2741 1321 2801 τραχήλια.

1171 2825 1249 2864 6.
