1702 3190
223 159 307 200 262
808 170 962 198 1⁸01.sz
969 170 1055 198 nus,

225 271 362 312 «lux»
404 268 665 308 falsissimum
708 271 784 309 est.
858 269 970 309 Nihil
1013 267 1213 308 eiusmodi
1255 281 1387 321 neque
1423 269 1465 311 in
1501 270 1665 317 Stobnei

222 348 406 400 margine
434 347 601 405 legerat.
621 359 699 385 nec
732 347 774 385 in
806 345 998 395 Polluce,
1037 347 1105 397 qui
1142 348 1269 386 semel
1307 347 1444 387 laudat
1473 345 1666 388 Μουσῶν

221 418 353 476 γονάς
396 423 454 464 VI
496 423 576 462 168
633 423 786 474 (quam
832 423 959 463 habes
1011 424 1132 463 etiam
1179 425 1287 476 apud
1335 425 1588 464 Athenaeum
1626 426 1665 467 X

221 515 264 555 Ρ.
295 503 378 541 370
393 501 423 550 f,
461 501 689 541 Zenobium
718 501 776 542 VI
817 502 871 540 50
909 505 950 540 et
993 501 1172 553 Etymol.
1210 501 1270 541 Μ.
1306 515 1339 542 S.
1372 515 1411 560 y.
1447 497 1663 556 ἐπάκριος)

223 585 266 621 et
294 580 423 620 semel
451 573 664 618 Διονύσου
695 572 825 629 γονάς
853 579 890 618 Χ
920 579 1015 618 109.
1074 572 1240 632 Ἑρμοῦ
1269 577 1399 630 γοναὶ
1426 579 1560 618 fabula
1588 580 1665 622 fuit

220 658 404 698 Philisci.
470 660 583 709 Quae
622 658 662 695 in
703 656 947 694 didascalico
988 661 1250 695 monumento
1281 658 1386 708 apud
1416 658 1666 700 Boeckhium

221 737 345 787 Corp.
377 736 504 774 Inscr.
533 735 613 774 vol.
645 734 662 773 Ι
692 734 775 772 230
818 738 1159 773 commemoratur
1188 734 1326 774 fabula
1353 730 1565 774 Διονύσου
1590 748 1666 788 γο-

216 808 293 851 ναί
323 813 486 864 Olymp.
518 812 614 851 CIII
642 812 670 850 4
700 816 810 859 acta,
841 824 930 849 eam
959 810 1010 848 ad
1041 811 1277 862 Polyzelum
1308 813 1516 865 pertinere
1544 826 1666 865 posse

216 891 394 930 fortasse
423 903 505 929 non
534 892 647 928 recte
676 892 799 941 negat
832 888 1046 928 Clintonus
1076 888 1187 928 Fast.
1217 890 1380 930 Hellen.
1409 903 1450 942 p.
1483 891 1564 930 127
1595 891 1666 932 Kr.
1698 870 1702 919 ‘-

215 968 252 1008 si
293 969 558 1020 praelongam
601 968 687 1007 viro
732 967 854 1007 vitam
905 966 1100 1017 obtigisse
1144 969 1378 1008 statuamus.
1445 969 1667 1011 Praeterea
1690 963 1702 1011 ’,Ῐ

216 1046 380 1086 nonnisi
416 1059 439 1085 e
477 1039 820 1098 Δημοτυνδάρεῳ
857 1043 1086 1094 fragmenta
1124 1050 1363 1096 supersunt,
1402 1047 1517 1086 cuius
1547 1059 1667 1099 argu-

216 1127 402 1162 mentum
430 1123 490 1162 de
519 1122 684 1163 Attici
713 1120 898 1174 populi
933 1120 1285 1160 restitutione
1319 1122 1370 1161 in
1403 1122 1665 1175 integrum

218 1202 354 1255 egisse
382 1184 610 1253 suspicatur
640 1199 826 1240 Kuhnius
865 1198 917 1237 ad
946 1197 1102 1237 Polluc.
1136 1198 1174 1238 X
1203 1200 1270 1249 76,
1301 1213 1324 1239 e
1351 1201 1471 1240 titulo
1501 1201 1666 1243 fabulae
1687 1191 1699 1234 :fij

219 1279 498 1319 coniecturam
535 1278 722 1330 capiens,
769 1276 970 1326 siquidem
1005 1277 1270 1328 Tyndareum
1309 1279 1542 1331 Aesculapii
1577 1284 1666 1321 arte
1683 1260 1695 1298 st

224 1361 267 1396 et
297 1358 466 1396 consilio
497 1371 520 1395 a
549 1356 718 1395 mortuis
748 1354 1030 1392 resuscitatum
1061 1354 1214 1394 ferunt.
1273 1356 1386 1405 Quae
1416 1357 1448 1395 si
1480 1371 1575 1396 vera
1605 1361 1667 1398 est

219 1436 410 1486 suspicio,
445 1433 625 1473 fabulam
657 1433 820 1484 Olymp.
839 1430 971 1470 XCIV
1000 1432 1025 1469 2
1055 1435 1183 1469 actam
1214 1433 1415 1472 coniicere
1444 1434 1554 1483 licet,
1585 1448 1666 1487 quo

225 1525 347 1561 anno,
379 1524 522 1552 everso
552 1511 716 1563 triginta
747 1514 1010 1561 tyrannorum
1034 1508 1253 1558 domin-atu,
1282 1511 1422 1561 populi
1450 1513 1668 1563 imperium

218 1591 455 1629 restitutum
495 1602 587 1629 esse
628 1590 800 1628 constat.
866 1586 927 1625 De
958 1586 1174 1638 Tyndareo
1211 1588 1261 1626 ab
1298 1587 1442 1627 inseris
1477 1595 1686 1630 revocato.

219 1666 410 1707 Kuhnius
454 1667 592 1706 laudat
632 1666 856 1706 Lucianum
899 1663 950 1702 de
993 1665 1092 1703 Salt.
1129 1664 1183 1703 45
1228 1670 1270 1704 et
1310 1665 1486 1705 Plinium
1521 1667 1576 1707 H.
1615 1668 1692 1718 N„

219 1744 366 1785 XXIX
395 1745 436 1785 1.
494 1744 701 1784 Potuisset
728 1742 991 1783 vetustiorem
1023 1742 1186 1781 adferre
1215 1748 1438 1792 auctorem,
1467 1725 1690 1798 Panyasinf¹

220 1823 330 1875 apud
358 1822 526 1862 Sextum
555 1822 712 1873 Empir.
743 1821 833 1860 adv.
865 1821 1043 1859 Gramm.
1076 1820 1093 1858 1
1125 1820 1177 1858 12
1214 1825 1257 1858 et
1286 1821 1553 1862 Scholiastam
1581 1819 1693 1884 Flu-..j

219 1900 365 1952 ripidis
394 1900 484 1940 Alc.
518 1899 559 1939 1.
617 1899 703 1940 Cl'r.
734 1898 941 1938 Zenobius
971 1898 988 1936 1
1018 1896 1086 1945 45,
1118 1897 1300 1936 Eudocia
1328 1911 1370 1950 p.
1398 1898 1481 1939 217
1510 1904 1551 1939 et
1577 1885 1693 1964 Sui-{5

221 1977 295 2018 das
322 1991 355 2017 s.
385 1991 424 2018 v.
452 1972 710 2027 ἀναθιῶναι.
778 1976 986 2015 Laudatur
1016 1975 1366 2027 Demotyndareos
1402 1982 1617 2029 praeterea
1642 1990 1692 2027 αἳ

220 2055 396 2095 Polluce
433 2054 471 2094 X
507 2055 859 2107 76,Etym010g0
896 2055 957 2094 Μ.
999 2066 1032 2093 s
1061 2065 1099 2092 V.
1136 2047 1446 2106 ἐννεάκρουνος,
1488 2060 1529 2095 et
1561 2057 1689 2117 Eros?

221 2133 331 2172 tiano
360 2145 402 2184 p.
432 2133 514 2172 130
551 2144 673 2172 οινον
701 2127 905 2181 αὐτίτην,
944 2127 1023 2173 τὸν
1051 2124 1351 2183 ἀπαράχυτον,
1385 2126 1446 2179 ὥς
1472 2131 1545 2172 καὶ
1572 2130 1629 2172 Π

220 2204 398 2258 λύζηλος
425 2208 471 2249 ἐν
500 2205 630 2265 Δημω
665 2205 932 2264 Τυνδάρεων,
961 2210 1040 2262 leg.
1070 2203 1422 2264 Δημοτυνδάρεῳ.
1476 2210 1540 2251 Ad
1569 2209 1688 2258 eun-³*

222 2288 317 2327 dem
348 2288 532 2340 Polyzeli
561 2289 696 2328 locum
725 2290 891 2341 respicit
906 2288 1056 2328 Athen.
1088 2287 1105 2326 1
1134 2301 1176 2339 p.
1206 2288 1256 2326 31
1276 2301 1312 2327 e.
1343 2282 1593 2336 ΙΙολύζηλος
1622 2275 1688 2332 Μ

223 2360 407 2413 αὐτίτην
435 2363 560 2404 καλεῖ
581 2355 702 2404 οἶνον
729 2363 776 2404 ἐν
800 2360 957 2420 (Ρόδῳ.
1015 2366 1099 2405 Ubi
1129 2366 1235 2405 male
1257 2365 1676 2418 Schweigliaeuseruog‘:

224 2442 465 2494 Polyzelum
495 2442 735 2483 historicum
770 2445 841 2495 Ν)
872 2444 1090 2495 significari
1119 2444 1272 2483 statuit.
1339 2443 1524 2483 Incertae
1550 2442 1666 2483 fabu-
1695 2465 1699 2472 ·

223 2520 290 2560 lae
317 2532 444 2560 unum
473 2521 748 2574 fragmentum
777 2524 968 2575 superest,
991 2520 1099 2573 apud
1127 2521 1339 2561 Pollucem·
1365 2520 1406 2560 11
1435 2521 1532 2562 118.

286 2675 357 2725 Η)
388 2675 519 2725 Quem
548 2687 571 2712 a
601 2674 755 2714 comico
784 2679 905 2727 poeta
934 2675 1135 2716 diversum
1166 2688 1258 2717 esse
1285 2679 1399 2717 recte
1426 2674 1566 2716 statuit
1587 2672 1663 2716 Gn·
1691 2656 1702 2739 {
