1702 3190
1671 0 1702 198 l

214 303 432 346 Aetolus
461 305 514 342 et
542 301 853 354 Lycophron
882 302 1253 342 Chalcidensis
1288 305 1336 342 et
1364 301 1702 344 Zenodotns:

214 379 477 433 Ephesius
517 379 751 432 impulsu
794 380 940 432 regis
977 379 1278 419 Ptolemaei
1314 378 1667 432 Philadelphi

215 194 271 235 lo
784 202 835 231 »a
848 192 851 195 ’
866 203 1116 232 auci-omnus

216 460 586 510 cognomento,
625 457 716 509 qui
743 457 923 497 mirum
951 457 1007 496 in
1035 456 1235 496 modum
1270 456 1485 497 favebat
1518 459 1668 509 inge-

214 536 320 576 niis
356 537 405 574 et
441 534 608 573 famae
644 534 910 575 doctorum
945 535 1238 582 hominum,
1282 546 1501 586 graecae
1537 534 1667 574 artis

214 612 455 667 poeticos
491 613 657 652 libros
693 612 745 652 in
773 623 932 654 unum
969 612 1312 665 collegerunt
1347 614 1396 650 et
1433 611 1487 651 in
1524 611 1668 651 ordi-

214 704 331 733 nem
383 689 735 741 redegerunt,
783 689 1082 731 Alexander
1123 688 1454 741 tragoedias,
1490 688 1670 741 -Lyco-

213 769 378 822 phi-on
415 767 734 815 comoedias,
782 767 1086 808 Zenodotus
1123 780 1249 807 vero
1286 766 1505 806 Homeri
1538 778 1669 818 poe-

213 849 366 887 mata.
424 845 567 895 ltaque
594 844 636 883 in
665 843 887 885 ordinanda
915 844 1163 885 bibliotheca
1190 843 1464 886 Alexandrina
1493 843 1670 882 comico-

214 934 307 963 rum
333 925 520 962 veterum
559 920 879 973 colligendorum
916 923 1105 976 iustoque
1142 923 1287 963 ordine
1322 920 1670 973 disponendorum

213 1004 352 1054 partes
381 999 648 1040 demandatae
678 1003 794 1039 erant
822 1000 1103 1052 Lycophroni,
1133 1013 1254 1052 quem
1281 999 1459 1038 rationes
1489 997 1577 1037 eius
1604 996 1669 1036 rei

215 1078 454 1129 exposuisse
483 1077 680 1117 credibile
710 1080 772 1116 est
799 1077 841 1116 in
871 1090 999 1128 opere
1026 1075 1133 1130 περὶ·
1150 1071 1390 1130 κωμῳδίας,
1419 1075 1493 1114 sed
1519 1074 1577 1112 ita
1603 1077 1676 1112 ta-

215 1168 311 1194 men
338 1159 386 1193 ut
413 1154 535 1194 simul
564 1155 686 1193 etiam
716 1153 769 1192 de
799 1153 888 1192 aliis
915 1153 1040 1192 rebus
1069 1152 1118 1191 ad
1148 1154 1397 1192 comicorum
1424 1152 1673 1203 interpreta-

214 1232 368 1272 tionem
397 1231 674 1284 spectantibus
702 1230 930 1283 disputasse
956 1230 1154 1272 videatur.
1183 1231 1335 1272 Athen.
1358 1230 1438 1271 vn
1465 1241 1507 1281 p.
1528 1228 1611 1268 278
1627 1227 1669 1268 b.

210 1303 532 1364 Ἀρχέστρατος
559 1306 606 1348 ἐν
633 1305 688 1364 τῇ
716 1304 1040 1364 Γαστρολογίᾳ,
1069 1299 1204 1356 οὕτως
1230 1303 1312 1360 γὰρ
1341 1299 1672 1360 ἐπιγράφεσθαί

216 1399 328 1442 φησι
353 1381 599 1441 Λυκόφρων
625 1383 673 1425 ἐν
699 1385 790 1434 τοῖς
817 1385 915 1441 περὶ
942 1383 1188 1442 κωμῳδίας,
1225 1380 1284 1433 ὦς
1311 1380 1394 1435 τὴν
1419 1377 1670 1437 Κλεοστρά-

214 1478 295 1506 του
320 1462 400 1505 τοῢ
432 1459 637 1504 Τενεδίου
659 1458 996 1518 Ἀστρολογίαν.
1058 1463 1172 1504 Idem
1201 1463 1260 1505 XI
1287 1476 1330 1515 p.
1358 1461 1443 1502 485
1454 1463 1498 1502 d.
1525 1455 1671 1502 Λυκό-

216 1554 341 1599 φρων
368 1541 415 1583 ἐν
442 1540 503 1600 τῷ
530 1536 668 1597 ἐνάτῳ
703 1541 802 1597 περὶ
838 1538 1067 1598 κωμῳδίας
1101 1539 1413 1597 παραθέμενος
1451 1534 1508 1578 τὰ
1539 1537 1673 1594 Φερε-

215 1616 401 1676 κράτους
438 1623 603 1672 (locum
639 1621 748 1660 dicit*
766 1633 815 1661 ex
843 1620 1104 1662 Pherecratis
1133 1619 1389 1672 Crapatalis)
1425 1615 1500 1657 καὶ
1536 1611 1671 1664 αὐτὸς

216 1690 331 1739 εἷναί
372 1711 485 1755 φησι
525 1697 647 1751 γένος
680 1692 851 1746 κύλικος
884 1694 968 1748 τὴν
1008 1693 1242 1750 λεπαστήν,
1291 1701 1334 1738 et
1360 1696 1421 1738 XI
1448 1709 1491 1749 p.
1516 1694 1597 1736 501
1627 1694 1670 1736 d.

215 1773 443 1831 Κρατίνου
476 1769 676 1823 εἰπόντος
711 1772 758 1815 ἐν
794 1774 1060 1830 Δραπέτισιν
1094 1773 1308 1829 ,,δὲχεσθε
1336 1769 1500 1830 φιάλας
1535 1766 1670 1811 τάσδε

222 1849 661 1909 βαλανειομφάλουςί*
685 1849 1016 1908 Ἐρατοσθένης
1051 1851 1098 1894 ἐν
1137 1850 1198 1909 τῷ
1226 1847 1434 1907 ἑνδεκάτῳ
1462 1849 1561 1906 περὶ
1586 1862 1672 1891 κω·

216 1929 384 1987 μῳὸἰας
412 1929 493 1982 τὴν
521 1929 636 1982 λέξιν
663 1922 835 1984 ἀγνοεῖν
862 1943 975 1985 φησι
1007 1926 1288 1986 Λυκόφρονα.
1353 1930 1437 1971 Ubi
1473 1928 1582 1982 quod
1624 1927 1670 1970 in

219 2012 375 2051 Cratini
413 2023 535 2051 versu
574 2010 882 2062 interpretando
920 2009 1197 2050 adversarium
1233 2011 1376 2049 nactus
1420 2011 1482 2048 est
1517 2008 1669 2048 Erato-

218 2089 418 2139 sthenem,
446 2089 491 2129 id
520 2087 667 2128 accidit
693 2088 756 2128 illi
773 2090 895 2130 etiam
919 2090 967 2135 in
988 2089 1040 2129 iis
1068 2101 1172 2141 quae
1189 2089 1242 2129 de
1256 2086 1530 2138 Aristophane
1551 2097 1670 2125 com-

217 2171 421 2207 mentatus
457 2170 533 2208 est.
570 2166 796 2207 Scholiasta
824 2166 876 2208 ad
895 2166 1019 2221 Vesp.
1047 2167 1130 2207 739
1158 2163 1266 2222 πρὸς
1295 2162 1374 2207 τὸν
1397 2156 1666 2216 Λυκόφρονα

218 2239 424 2298 κόρκορον
450 2242 633 2298 λέγοντα
661 2237 871 2297 ι’-χθύδιόν
895 2256 951 2294 τι,
979 2238 1205 2294 ἧπάτηται
1223 2243 1282 2293 δὲ,
1301 2235 1359 2291 ὥς
1373 2252 1511 2298 φησιν
1527 2235 1669 2294 Ἐρα-

218 2319 449 2371 τοσθένης.
514 2318 608 2363 ἔστι
634 2319 717 2377 γὰρ
745 2316 936 2376 λάχανόν
962 2335 1005 2363 τι
1030 2318 1183 2377 ἄγριον
1209 2320 1285 2363 καὶ
1310 2315 1485 2366 εὐτελές.
1551 2317 1675 2358 Idem·

187 2411 199 2425 κ
221 2397 273 2437 ad
301 2399 396 2440 Pac.
412 2400 493 2439 701
521 2396 770 2456 Λυκόφρων
797 2397 849 2442 τὸ
875 2395 1069 2455 ῶρακιᾶν
1096 2395 1196 2440 ἀντὶ
1222 2395 1303 2439 τοῦ
1327 2394 1499 2452 ὠχριᾶν,
1532 2391 1667 2447 Ἐρα-

219 2475 440 2524 τοσθένης
476 2475 523 2516 δὲ
559 2473 645 2520 ὑπὸ
681 2474 888 2528 ἕκλὺσεως
925 2457 1218 2528 ἐσκοτῶσθαι,
1258 2480 1300 2516 et
1333 2475 1386 2514 ad
1414 2473 1523 2513 Plut.
1555 2470 1677 2512 11952

221 2545 289 2594 ὅτι
317 2548 342 2592 ὁ
369 2551 626 2608 Λυκόφρων,
666 2551 724 2603 ὥς
752 2553 776 2595 ὁ
800 2552 1130 2611 Ἐρατοσθένης
1157 2548 1306 2606 φησίν,
1334 2546 1465 2606 ᾠήθη
1494 2545 1677 2604 πρῶτον

220 2629 377 2671 τοῦτον
406 2618 741 2684 (Aristophanem
768 2634 810 2673 in
840 2634 982 2685 Pluto)
1013 2628 1152 2686 δᾷδας
1179 2624 1396 2686 ᾑτηκέναι.
1461 2621 1664 2674 πεποίηκε

223 2707 267 2748 δὲ
296 2708 370 2749 καὶ
397 2707 443 2748 ἐν
467 2704 877 2759 Ἐκκλησιαζούσαις
905 2704 1026 2749 αὐτό.
1085 2708 1314 2760 Hesychius
1343 2708 1422 2747 vol.
1452 2705 1492 2746 11
1520 2704 1660 2757 p.194
