1702 3190
646 157 930 189 rami-rmus.
1436 143 1523 188 478

53 262 223 306 difficile
241 258 353 303 dictu
368 264 446 303 est.
474 259 514 301 R
526 273 550 301 e
559 274 585 302 n
595 273 619 301 o
629 273 653 301 v
661 273 685 301 a
694 259 769 300 tio
787 259 912 300 vertit
931 257 973 299 in
987 256 1204 299 Athenaeo
1217 256 1520 313 Dalecampius,

49 345 90 386 R
102 357 127 384 e
137 356 160 383 c
170 355 194 383 o
203 342 260 382 rd
269 341 376 381 atio
415 339 835 393 Schweighaeuserus
877 337 936 377 IX
974 351 1016 390 p.
1057 338 1154 379 167.
1218 339 1393 379 Rectius
1432 339 1521 380 for-

49 425 157 464 tasse
185 421 394 473 intelligas
424 432 546 471 quam
574 431 651 459 nos
689 418 862 458 dicimus
900 416 986 456 die
1023 415 1063 458 V
1076 429 1100 455 e
1112 416 1154 455 ri
1165 414 1190 455 ii
1201 430 1225 456 n
1238 430 1301 470 gu
1311 431 1335 458 n
1346 433 1386 472 g.
1453 421 1520 460 Si.-

48 501 156 543 milis
183 501 329 540 titulus
360 499 527 539 fabulae
556 497 843 537 Pliilemoniae
875 490 1207 548 Ἀνανεουμένῃ
1220 525 1233 546 ,
1264 499 1334 549 qui
1363 498 1417 540 de
1446 513 1512 540 ve.

47 580 134 622 tula
161 582 484 633 repuerascente
511 576 807 628 intelligendus
835 575 1014 615 videtur.

159 653 220 699 'A
231 671 256 712 ρ
265 672 292 711 y
303 670 327 697 υ
336 670 362 712 ρ
372 652 388 696 ι’
397 669 421 695 ο
432 668 459 696 υ
497 650 528 695 ά
537 668 571 709 φ
580 669 610 694 α
623 666 647 693 ν
657 665 708 694 ισ
717 667 749 707 μ
761 648 785 693 ὁ
796 667 818 701 ς
847 654 980 694 flemel
1009 658 1358 695 commemoratur
1386 655 1519 696 Athe-

47 749 151 778 naeo
178 737 236 779 V1
265 750 310 789 p.
338 737 421 776 23⁰
437 749 472 784 a,
509 734 581 774 ubi
619 733 890 785 conqueritur
926 734 1067 773 nescio
1110 733 1200 785 quis
1232 734 1285 774 de
1314 748 1517 776 novorum

44 815 254 856 hominum
284 808 582 865 (νεοπλούτων
609 807 845 865 μετοίκων)
874 812 1095 852 insolentia
1126 818 1168 853 et
1196 814 1380 864 luxuria,
1413 827 1517 868 quos

43 895 179 934 aureis
208 897 251 934 et
280 894 488 947 argenteis
516 893 625 933 vasis
662 893 723 933 uti
760 892 881 933 dicit:
918 885 1133 946 πρότερον
1170 889 1218 931 δὲ
1255 886 1424 946 φιάλην
1459 883 1516 943 ἦν

43 968 330 1027 ἀνακειμένην
367 967 478 1013 ἰδεῖν
511 969 707 1027 ἐργῶδες.
771 972 838 1013 Ad
873 984 982 1025 quae
1010 972 1117 1012 alter
1144 971 1419 1014 interlocutor
1446 987 1515 1016 re·

43 1053 244 1106 spondete

434 1124 587 1184 ἀμέλει
612 1126 743 1169 τοῦτο
770 1129 852 1185 μὲν
879 1128 954 1170 καὶ
984 1127 1065 1169 νῦν
1094 1123 1184 1168 ἔτι·

207 1203 267 1250 ἂν
294 1205 377 1265 γὰρ
404 1198 562 1267 ἀναθῇ
589 1222 668 1258 τις,
696 1204 838 1257 εὐθὺς
867 1206 1008 1263 ἔτερος
1036 1200 1250 1261 ἥρπασεν.

42 1291 158 1342 Quae
190 1293 400 1344 postrema
437 1290 547 1330 tituli
576 1291 780 1331 rationem
818 1289 918 1330 satis
957 1287 1197 1341 expediunt.
1261 1287 1328 1328 Ex
1367 1291 1514 1334 eadem

39 1368 179 1410 sabula
214 1369 392 1423 petitum
421 1381 515 1410 esse
552 1370 741 1423 suspicor
768 1369 908 1410 locum
944 1369 995 1409 ab
1033 1366 1188 1409 Athen.
1218 1366 1278 1408 XI
1316 1381 1358 1422 p.
1389 1371 1471 1412 781
1493 1373 1518 1413 f

38 1449 191 1490 omisso
221 1449 342 1490 titulo
372 1449 567 1489 allatum:

211 1524 278 1568 Τὰ
307 1522 486 1583 ποτήρι’
518 1520 576 1566 ἂν
603 1524 701 1582 ἴδῃς
730 1521 784 1566 τὰ
813 1523 1206 1582 παρεσκευασμένα

205 1599 384 1647 ἅπαντα
407 1603 563 1663 χρυσᾶ,
599 1601 812 1662 Τρόφιμε,
842 1602 896 1656 νὴ
929 1602 1008 1646 τὸν
1036 1601 1245 1660 οὐρανόν,

203 1681 455 1741 ὑπερήφαν’
472 1699 485 1711 ·
513 1683 646 1739 ἔγωγε
673 1687 755 1740 μὲν
783 1682 868 1742 γὰρ
895 1683 1080 1737 ἐξέστην
1112 1679 1243 1726 ἰδών·

201 1763 410 1821 κρατῆρες
437 1760 629 1821 ἀργυροῖ,
658 1761 787 1806 κάδοι
815 1761 986 1819 μείζους
1013 1761 1138 1818 ἐμοῦ.

37 1846 152 1888 Idem
182 1846 235 1887 de
260 1846 344 1886 hoc
372 1858 495 1886 versu
523 1846 635 1899 apud
666 1846 880 1888 Pollucem
909 1847 947 1886 X
981 1847 1062 1886 167
1092 1845 1294 1887 dixerim:

201 1920 388 1966 ἆλύσιον
416 1914 501 1979 εἶχε
529 1920 839 1980 τετταράκοντ’
870 1920 981 1978 ἄγον
1009 1919 1222 1980 δραχμάς.

36 2006 232 2047 Ceterum
271 2007 472 2059 suspicari
510 2007 610 2047 licet
645 2006 857 2047 Sti-attidis
897 2011 940 2046 et
982 2006 1231 2059 Antiphanis
1270 2003 1508 2047 fabularum

9 2117 11 2121 .
35 2087 182 2130 eodem
211 2087 331 2127 titulo
362 2087 653 2140 inscripturum
680 2085 815 2126 simile
844 2086 975 2128 fuisse
1005 2093 1311 2141 argumentum.

147 2158 363 2212 ,Αὐλοὺς
397 2166 599 2205 habemus
637 2165 749 2218 apud
786 2166 1048 2207 Athenaeum
1085 2168 1186 2209 XIV
1228 2179 1270 2219 p.
1301 2165 1424 2206 658d
1465 2167 1508 2205 et

37 2242 253 2283 Pollucem
269 2243 330 2284 VI
358 2243 428 2285 54.
483 2238 775 2284 Λακιάδαι
805 2243 966 2284 duobus
995 2246 1100 2286 locis
1131 2248 1509 2286 commemorantur

38 2321 251 2361 aPolluce
266 2322 324 2364 IX
352 2323 406 2362 38
436 2323 527 2374 (ubi
557 2328 653 2363 ante
676 2323 906 2364 Meursium
928 2319 1163 2375 Λακιάδης
1192 2326 1412 2379 legebatur
1427 2337 1505 2377 pro

43 2393 311 2453 Λακιάδαις)
341 2402 438 2443 etx
465 2403 537 2451 37,
563 2403 712 2455 quibus
744 2416 793 2442 ex
814 2403 916 2443 locis
947 2404 998 2444 ad
1022 2410 1309 2457 argumentum
1340 2404 1507 2444 fabulae

3 2461 9 2531 {t
40 2479 147 2519 nihil
175 2482 403 2532 proficitur.
433 2482 526 2521 Non
555 2481 752 2520 abhorret
782 2487 919 2522 tamen
949 2496 973 2522 a
1003 2484 1359 2524 verisimilitudine
1391 2483 1506 2522 Kuh-

3 2542 7 2595 ἶ
39 2558 98 2598 nii
127 2559 366 2600 coniectura
394 2560 604 2600 adulteros
634 2561 924 2612 perstrinxisse
961 2562 1040 2603 hac
1069 2563 1210 2603 fabula
1237 2567 1404 2617 poetam
1435 2573 1506 2602 su·

3 2637 247 2690 pepicantis.
300 2639 352 2681 V.
393 2639 524 2692 intpp.
560 2639 746 2694 Hesych.
778 2640 797 2681 1
837 2654 880 2694 p.
909 2642 1007 2682 417.
1072 2637 1504 2692 Βασανιζομένη

3 2719 10 2763 ἐ
36 2715 229 2758 nudatur
257 2717 557 2761 Antiatticistae
584 2732 627 2774 p.
657 2720 728 2761 92.
793 2716 1140 2777 Μαστροπὸς
1175 2721 1333 2764 ibidem
1360 2731 1404 2774 p.
1433 2719 1504 2760 8⁰.
