1702 3190
687 147 875 177 nunonis.
1427 129 1505 171 131

35 254 279 308 gumentum
307 261 402 291 cum
430 248 473 291 in
497 248 629 290 Callia
657 249 847 299 maxime,
876 246 1103 300 Hipponici
1131 247 1235 297 filio,
1264 245 1509 300 exagitando

37 335 245 373 versatum
282 331 361 380 sit,
397 329 577 383 primum
618 329 672 369 de
709 328 833 370 huius
862 328 945 368 vita
975 326 1241 378 moribusque
1270 326 1410 379 paullo
1441 338 1509 366 ac-

37 409 219 453 curatius
251 409 540 463 exponendum
569 409 746 450 videtur.
782 405 850 458 ⁷⁵)
911 406 1062 447 Callias
1092 405 1219 457 igitur
1248 410 1393 446 noster
1422 406 1508 446 Eu-

35 491 244 545 polideus,
292 488 578 530 Melitensium
613 501 721 542 pago
760 487 1012 538 adscriptus,
1062 483 1202 524 Sehol.
1245 485 1297 524 ad
1337 484 1508 524 Luciani

38 570 180 611 lovem
210 570 336 622 Trag.
365 568 447 608 vol.
479 567 519 607 ΙΙ
548 579 590 620 Ρ.
621 567 703 607 696
733 565 800 606 cll.
833 564 973 605 Schol.
1003 564 1130 605 Arist.
1162 564 1268 604 Ran.
1298 563 1396 612 504,
1434 577 1506 616 pa-

35 653 142 689 trem
190 648 335 688 habuit
373 646 684 700 Hipponicum,
730 646 847 686 cuius
893 648 1030 684 tantae
1071 642 1243 682 fuerunt
1283 655 1415 697 opes,
1462 649 1509 682 ut

35 739 163 778 quum
191 739 261 766 eas
298 727 341 766 in
368 724 538 779 privatis
568 724 768 773 aedibus,
807 736 979 776 quarum
1008 722 1356 775 magnificentiam
1386 733 1507 774 prae-

34 805 142 845 dicat
170 805 382 844 Himerius
413 804 485 845 Or.
514 802 657 844 XVIII
687 803 728 853 3,
768 803 866 842 satis
910 806 1000 842 tuto
1040 802 1242 842 asservari
1280 813 1403 853 posse
1434 799 1507 839 de-

32 888 243 940 speraret,
280 884 441 925 veniam
471 884 514 922 in
545 880 732 934 acropoli
759 881 974 922 habitandi
1003 882 1081 922 sibi
1111 881 1285 922 concedi
1314 879 1507 928 voluerit,

33 961 245 1009 Heraclid.
278 962 399 1003 Pont.
441 962 551 1015 apud
589 962 741 1003 Athen.
772 963 853 1002 XII
891 976 933 1014 p.
964 961 1101 1010 5731»,
1139 959 1331 1013 Apostol.
1363 959 1422 999 XI
1451 958 1507 999 74

31 1054 75 1097 p.
114 1043 208 1083 139.
281 1041 418 1080 Huius
455 1054 562 1082 uxor
602 1046 748 1094 postea
787 1040 940 1081 Pericli
986 1039 1233 1089 (Plutarch.
1272 1039 1369 1079 Per.
1405 1037 1461 1078 24
1476 1040 1508 1090 ),

32 1122 121 1161 filia
165 1123 302 1160 autem
347 1120 580 1172 Hipparete
614 1119 816 1160 Alcibiadi
853 1119 1015 1172 nupsit,
1064 1119 1175 1170 quod
1218 1117 1375 1158 factum
1417 1129 1511 1158 esse

35 1200 200 1252 Olymp.
221 1198 316 1239 XCI
348 1198 488 1238 docuit
516 1199 753 1239 Dodwellus
783 1197 933 1238 Annal.
963 1196 1016 1236 ad
1047 1196 1239 1250 Thucyd.
1268 1197 1327 1238 VI
1358 1197 1428 1245 30,
1461 1209 1512 1236 ex

32 1290 116 1331 quo
146 1277 392 1331 intelligitur
421 1291 503 1318 non
532 1279 828 1331 Hipponicum,
859 1280 905 1316 ut
935 1276 1123 1316 nonnulli
1153 1276 1387 1324 voluerunt,
1417 1274 1508 1324 sed,

33 1362 196 1399 mortuo
227 1357 487 1409 Hipponion,
533 1358 705 1398 Calliam
744 1356 950 1398 Alcibiadi
988 1368 1176 1396 sororem
1212 1356 1255 1395 in
1292 1354 1507 1395 matrimo-

33 1437 147 1478 nium
177 1436 356 1486 dedisse,
387 1438 595 1477 Plutarch.
625 1437 760 1477 Alcib.
779 1437 823 1478 8.
884 1436 987 1476 Post
1018 1436 1194 1476 Periclis
1225 1434 1383 1474 obitum
1401 1434 1510 1487 Hip-

31 1517 206 1570 ponicus
245 1529 328 1556 una
366 1529 460 1557 cum
498 1517 813 1570 Eurymedonte
849 1516 1012 1568 capitali
1048 1515 1209 1568 proelio
1241 1514 1509 1566 Tanagraeos

33 1595 155 1646 fudit,
185 1597 359 1636 testibus
391 1597 660 1649 Thucyd.111
692 1596 744 1635 91
778 1601 821 1636 ct
838 1596 991 1636 Athen.
1011 1595 1046 1637 V
1075 1608 1116 1647 p.
1132 1595 1216 1634 218
1231 1595 1270 1643 b,
1302 1593 1414 1645 quod
1447 1591 1512 1632 fa-

33 1678 144 1716 ctum
187 1679 251 1715 est
290 1676 454 1729 Olymp.
486 1675 742 1717 LXXXVIII
773 1676 814 1715 2.
883 1675 1000 1715 Idem
1040 1674 1205 1726 Olymp.
1238 1671 1454 1712 LXXXIX
1485 1671 1508 1710 1

34 1754 193 1808 proelio
231 1754 284 1794 ad
320 1754 485 1795 Delium
515 1754 725 1804 interfuit,
766 1755 810 1794 in
849 1765 930 1806 quo
971 1766 1066 1792 eum
1107 1751 1351 1793 occubuisse
1387 1749 1513 1789 tradit

34 1812 284 1875 Andocides.
323 1833 418 1875 vid.
436 1833 682 1874 Schneideri
698 1835 867 1885 Quaest.
900 1832 952 1871 de
966 1831 1160 1884 Xenoph.
1193 1832 1323 1871 Com.
1352 1843 1394 1882 p.
1413 1828 1512 1868 136.

36 1911 99 1953 lta
134 1912 264 1965 igitur
299 1914 526 1954 immensae
564 1913 694 1966 patris
733 1912 900 1952 divitiae
931 1910 1186 1950 hereditario
1228 1910 1322 1949 iure
1352 1908 1511 1949 Calliae

35 1995 177 2033 nostro
209 1992 420 2044 obtigere,
460 1993 531 2045 qui
560 1992 758 2045 proximis
786 1996 884 2044 post
914 1991 1066 2031 aditam
1096 1990 1374 2029 hereditatem
1405 1993 1511 2028 tem-

37 2070 206 2123 poribus
245 2072 428 2111 omnium
465 2071 784 2112 Atheniensium
822 2069 1160 2124 opulentissimus
1200 2068 1333 2108 fuisse
1369 2066 1511 2120 perhi-

35 2147 186 2199 betur,
227 2149 331 2190 adeo
370 2150 561 2203 quidem,
597 2154 644 2190 ut
674 2150 830 2190 Calliae
869 2163 971 2204 opes
1000 2148 1068 2190 vel
1103 2148 1145 2187 in
1175 2148 1385 2200 proverbii
1415 2159 1511 2186 con·

99 2304 169 2356 ⁷⁵)
206 2307 271 2346 De
314 2305 444 2346 nobili
486 2305 818 2360 Hipponicorum
864 2305 1020 2344 familia
1067 2308 1245 2357 egerunt
1282 2303 1514 2343 Palmerius

152 2361 213 2402 lo.
252 2363 322 2402 Fr.
364 2362 595 2403 Gronovius
635 2364 807 2414 aliique,
854 2375 958 2414 quos
997 2362 1092 2401 vide
1138 2361 1246 2412 apud
1285 2361 1511 2400 Sluiterum

0 2401 2 2480 J
151 2418 270 2458 Lect.
301 2417 460 2458 Andoc.
490 2432 532 2470 p.
563 2420 631 2468 95,
660 2420 918 2458 Boeckhium
950 2420 1104 2458 Oecon.
1123 2419 1208 2458 Att.
1242 2417 1282 2456 11
1311 2431 1353 2469 p.
1386 2417 1439 2455 15
1470 2422 1513 2456 et

0 2481 2 2522 γ
154 2474 456 2514 Dahlmannum
488 2478 656 2525 Quaest.
686 2476 871 2515 historic.
902 2475 982 2515 vol.
1014 2476 1032 2514 1
1070 2488 1111 2527 p.
1143 2474 1212 2514 11.
1278 2474 1341 2513 De
1370 2479 1513 2513 nostro

0 2523 2 2578 Ι
157 2531 285 2570 Callia
336 2531 548 2582 complura
589 2539 778 2571 veterum
819 2532 1063 2584 scriptorum
1112 2532 1204 2570 loca
1250 2531 1515 2569 cumulavere

0 2580 7 2675 't
157 2585 362 2626 Sluiterus
391 2587 419 2626 l.
449 2587 477 2626 l.
509 2600 550 2640 p.
582 2589 636 2628 94
680 2595 721 2628 et
750 2590 1019 2628 Heindorfius
1049 2588 1099 2627 ad
1130 2587 1313 2626 Platonis
1345 2588 1458 2627 Prot.
1488 2587 1516 2626 5

155 2654 198 2694 p.
241 2642 347 2709 :³⁶5³
380 2644 465 2708 ‚sed
504 2645 744 2699 explicatius
783 2646 853 2699 qui
890 2646 978 2686 cius
1014 2645 1231 2686 historiam
1279 2643 1515 2684 tractaverit

156 2710 252 2739 novi
283 2711 503 2739 neminem.

1174 2779 1200 2817 9
1234 2780 1249 2797 .
