1702 3190
488 175 544 209 nu
573 174 733 204 nemim
765 172 1004 201 cononum
1037 170 1203 200 unone.
1488 153 1575 198 285

18 332 21 337 1
86 283 257 322 certum
287 282 350 320 est
380 276 432 319 de
462 277 636 319 deorum
655 277 912 326 heroumque
928 274 1054 314 rebus
1084 273 1181 313 satis
1211 272 1425 313 amoribus
1444 269 1575 312 multa

19 349 20 361 ³
95 361 269 400 ridicule
300 362 342 398 et
358 358 599 411 petulanter
616 355 848 403 tradidisse,
878 354 1126 406 plerumque
1155 357 1294 394 tamen
1324 352 1369 391 id
1397 363 1480 392 non
1508 349 1575 390 fe·-

20 443 21 446 ’
98 440 203 479 cisse
232 438 426 478 videntur
456 438 535 477 nisi
563 438 604 476 in
637 442 874 475 transcursu
906 437 948 472 et
979 433 1095 484 quasi
1124 433 1234 472 aliud
1267 432 1443 485 agendo.
1491 431 1575 470 lta-

15 507 23 519 *
96 531 176 570 que
218 530 454 570 perpaucae
494 530 639 557 eorum
673 514 840 554 fabulae
877 516 1254 551 commemorantur
1294 511 1468 551 deorum
1496 510 1573 550 he-

21 578 24 657 ἰ
94 608 266 636 roumve
297 601 338 635 et
367 596 632 636 heminarum
664 591 897 632 nominibus
927 591 1163 643 insignitae.
1200 591 1271 643 ⁵¹)

209 674 397 716 Vidimus
433 687 557 726 supra
596 674 646 712 ab
677 673 896 723 Anonymo
936 671 976 709 in
1016 671 1067 710 iis
1097 683 1202 722 quae
1232 667 1402 722 propria
1432 669 1575 708 essent

19 756 23 805 s
95 753 256 792 mediae
276 753 513 792 comoediae
529 757 569 791 et
592 752 835 805 peculiaria,
856 751 978 790 etiam
997 751 1078 790 hoc
1097 749 1228 790 fuisse
1247 750 1442 803 positum,
1461 746 1574 800 quod

18 811 23 825 ¹
94 832 241 872 comici
272 832 382 871 illius
412 832 558 870 aetatis
590 832 764 871 aliorum
795 834 1013 883 poetarum
1051 831 1194 883 inepte
1225 830 1443 881 minusque
1472 841 1575 869 con·

93 912 214 952 cinne
243 911 353 950 dicta
383 911 562 962 quodam
594 910 710 962 quasi
741 909 938 963 parodiae
967 910 1062 949 lusu
1092 909 1274 949 riserint.
1343 910 1476 960 Quam
1506 919 1576 948 ra-

93 990 268 1039 tionem,
308 989 407 1029 licet
436 1003 515 1029 nec
556 990 733 1042 antiquis
764 989 933 1028 comicis
962 989 1236 1041 incognitam,
1267 1001 1290 1028 a
1319 987 1482 1028 mediae
1510 990 1574 1027 ta-

91 1082 186 1111 men
218 1068 459 1109 comoediae
489 1071 624 1122 poetis
656 1068 844 1121 inprimis
874 1067 1180 1121 frequentatam
1209 1068 1342 1108 fuisse
1371 1068 1439 1107 vel
1467 1064 1574 1107 illud

23 1163 27 1195 ς
91 1149 243 1189 indicio
286 1152 371 1198 est,
418 1148 528 1200 quod
577 1154 684 1189 teste
736 1149 953 1189 Athenaeo
993 1148 1052 1188 xl
1091 1161 1132 1200 p.
1171 1147 1296 1188 472e
1341 1145 1573 1187 Antiochus

91 1227 393 1270 Alexandrinus
424 1229 623 1281 singulari
652 1229 759 1268 libro
799 1225 895 1280 περὶ
933 1223 1021 1264 τῶν
1058 1223 1104 1264 ἐν
1139 1224 1193 1283 τῇ
1220 1224 1333 1282 μέσῃ
1362 1220 1576 1281 κωμῳδίᾳ

22 1348 29 1362 .·
89 1303 446 1362 κωμῳδουμένων
474 1304 671 1355 ποιητῶν
702 1311 964 1360 exposuerat.
997 1306 1135 1346 Credo
1153 1310 1291 1345 autem
1308 1306 1573 1358 Anonymum

24 1371 30 1384 ⁵
89 1387 144 1427 ad
174 1399 246 1426 eos
277 1387 451 1426 maxime
479 1391 625 1439 poetas
657 1387 916 1439 respexisse,
957 1385 1047 1437 qui,
1087 1390 1133 1425 ut
1163 1386 1235 1426 ille
1266 1386 1344 1435 ait,
1379 1398 1464 1426 non
1491 1385 1573 1426 hu·-

29 1521 31 1527 Ι
92 1479 211 1508 mane
241 1466 316 1506 sed
345 1466 510 1519 poetice
546 1466 822 1517 loquerentur
865 1469 906 1506 et
946 1465 1170 1505 artificioso
1203 1466 1381 1517 quedam
1413 1469 1456 1505 et
1483 1469 1572 1505 tor-

29 1532 31 1546 ¹
91 1549 212 1587 tuoso
254 1546 422 1586 dicendi
464 1559 619 1598 genere
658 1549 891 1587 uterentur.
961 1546 1025 1585 Ex
1066 1559 1146 1598 quo
1178 1559 1334 1599 genere
1365 1549 1429 1584 est
1460 1543 1572 1597 quod

93 1626 350 1679 Antiphanes
381 1627 424 1667 in
455 1626 620 1665 Caeneo
659 1627 768 1679 apud
799 1626 953 1666 Athen.
990 1626 1027 1666 X
1064 1640 1106 1679 p.
1135 1625 1263 1665 433d
1300 1625 1572 1666 Timotheum

93 1709 257 1759 poetam
298 1706 473 1759 lyricum
518 1706 622 1755 risit,
670 1707 739 1758 qui
777 1710 939 1747 scutum
979 1701 1147 1760 ([ιάλην
1179 1700 1355 1760 ”Λρεως
1398 1705 1572 1746 dixerat.

31 1803 35 1819 ·.
95 1784 210 1825 Idem
239 1785 486 1825 Timotheus
518 1798 643 1837 quum
674 1786 715 1826 in
747 1788 928 1826 carmine
959 1787 1136 1839 quodam
1174 1799 1251 1839 pro
1283 1785 1463 1838 simplici
1488 1777 1573 1837 χύ-

95 1875 178 1917 τρα
220 1863 378 1903 dixissit
422 1860 503 1917 γᾶς
547 1860 794 1919 πυρίκτιτα,
841 1868 999 1907 notavit
1043 1867 1127 1908 hoc
1171 1865 1486 1908 Anaxandrides
1526 1864 1570 1907 in

94 1943 276 1987 Aeschra
305 1943 418 1997 apud
447 1943 601 1984 Athen.
630 1944 670 1984 X
698 1958 740 1997 p.
770 1944 894 1984 455f

25 2030 42 2092 Ῑ
92 2047 94 2050 >
149 2017 308 2077 ἀρτίως
339 2018 618 2077 διηρτάμηκε,
649 2022 724 2063 καὶ
754 2020 811 2063 τὰ
839 2024 920 2078 μὲν
950 2021 1132 2074 διανεκῆ

92 2117 94 2120 ’
149 2096 354 2154 σώματος
385 2101 493 2156 μέρη
525 2098 737 2156 δαμάζετ’
771 2101 820 2143 ἐν
848 2100 1142 2158 πυρικτίτοισι
1171 2100 1270 2156 γᾶς·

41 2233 43 2241 γ
154 2175 380 2233 Τιμόθεος
409 2176 493 2234 ἔφη
523 2176 642 2230 πότ’,
672 2178 838 2237 ἄνδρες,
869 2181 954 2233 τὴν
979 2179 1147 2237 χύτραν
1176 2173 1305 2236 οἶμαι
1332 2179 1483 2235 λέγων.

0 2262 47 2286 ⁵
100 2258 163 2301 lta
190 2259 299 2300 euim
328 2259 435 2299 haec
463 2259 680 2302 scribenda
707 2261 922 2311 videntum
953 2263 1048 2303 libri
1074 2265 1230 2304 habent
1258 2256 1570 2318 πυρικτύποισι

0 2335 45 2363 η,;

16 2366 46 2400 ’ί

18 2401 45 2421 ·“.«

0 2427 46 2439 1>

148 2453 234 2507 ,51)
270 2451 446 2493 Praeter
480 2452 766 2506 Aristophanis
802 2455 1029 2496 Daedalum
1066 2455 1270 2497 Danaides
1307 2460 1350 2497 el:
1387 2457 1568 2498 Centau-

212 2520 326 2558 rum,
370 2509 556 2550 novimus
597 2511 806 2563 Magnetis
851 2513 1098 2566 Dionysum,
1146 2515 1323 2554 Cratetis
1370 2515 1569 2565 Lamiam,

46 2571 47 2575 ’
212 2566 367 2606 Cratini
397 2568 592 2607 Nemesin
625 2569 768 2608 Ulixes
800 2574 842 2610 et
872 2571 1074 2612 Chirones
1108 2572 1221 2622 (nam
1243 2572 1402 2613 Busiris
1432 2573 1569 2612 iunio-

46 2628 49 2632 *
212 2621 269 2661 ris
299 2623 453 2663 Cratini
490 2624 631 2664 fabula
670 2625 800 2667 fuisse
835 2628 1048 2680 videtur),
1087 2630 1310 2682 Hermippi
1338 2630 1568 2682 Europam,

208 2677 437 2776 gnrynieffi
466 2680 649 2723 Cronum
677 2684 721 2724 et
751 2684 918 2736 Musas,
962 2686 1141 2739 denique
1171 2686 1437 2727 Pherecratis
1467 2685 1567 2726 Chi-

288 2748 369 2778 em.
